%% This BibTeX bibliography file was created using BibDesk.
%% http://bibdesk.sourceforge.net/


%% Created for John T. Foster at 2014-04-24 23:45:56 -0500 


%% Saved with string encoding Unicode (UTF-8) 



@book{morton2005numerical,
	Author = {Morton, Keith W},
	Date-Added = {2014-04-25 04:45:38 +0000},
	Date-Modified = {2014-04-25 04:45:56 +0000},
	Publisher = {Cambridge University Press},
	Title = {Numerical solution of partial differential equations: an introduction},
	Year = {2005}}

@article{nishida2013,
	Author = {E.E. Nishida and J.T. Foster and P.E. Briseno},
	Date-Added = {2012-06-12 00:43:29 +0000},
	Date-Modified = {2014-04-08 17:45:33 +0000},
	Doi = {10.1177/0021998312460263},
	Journal = {Journal of Composite Materials},
	Number = {23},
	Pages = {2895--2903},
	Title = {{Constant-strain-rate testing of a G10 laminate composite through optimized Kolsky bar pulse shaping techniques}},
	Volume = {47},
	Year = {2013},
	Bdsk-Url-1 = {http://dx.doi.org/10.1177/0021998312460263}}

@article{rezaiee2010dynamic,
	Author = {Rezaiee Pajand, Mohaamad and ALAMATIAN, JAVAD},
	Journal = {Structural Engineering and Mechanics},
	Title = {The dynamic relaxation method using new formulation for fictitious mass and damping},
	Volume = {34},
	Year = {2010}}

@misc{burkeLectures,
	Author = {Burke, James},
	Howpublished = {University Lecture},
	Institution = {University of Washington},
	Title = {Chapter 2. Basic Convergence Theory},
	Year = {1998}}

@article{dennis1971convergence,
	Author = {Dennis, JE},
	Journal = {Mathematics of Computation},
	Number = {115},
	Pages = {559--567},
	Title = {On the convergence of Broydens method for nonlinear systems of equations},
	Volume = {25},
	Year = {1971}}

@misc{cormen2009introduction,
	Author = {Cormen, Thomas H and Leiserson, Charles E and Rivest, Ronald L and Stein, Clifford},
	Publisher = {The MIT Press},
	Title = {Introduction to Algorithms. third},
	Year = {2009}}

@article{liu2008incomplete,
	Author = {Liu, Hao and Ni, Qin},
	Journal = {Computers \& Mathematics with Applications},
	Number = {1},
	Pages = {218--227},
	Publisher = {Elsevier},
	Title = {Incomplete Jacobian Newton method for nonlinear equations},
	Volume = {56},
	Year = {2008}}

@article{seleson2009peridynamics,
	Author = {Seleson, Pablo and Parks, Michael L and Gunzburger, Max and Lehoucq, Richard B},
	Date-Added = {2013-10-27 03:08:23 +0000},
	Date-Modified = {2013-10-27 03:08:23 +0000},
	Journal = {Multiscale Modeling \& Simulation},
	Number = {1},
	Pages = {204--227},
	Publisher = {SIAM},
	Title = {Peridynamics as an upscaling of molecular dynamics},
	Volume = {8},
	Year = {2009}}

@book{belytschko1999nonlinear,
	Author = {Belytschko, Ted and Moran, Brian and Liu, Wing Kam},
	Date-Added = {2013-10-27 02:25:08 +0000},
	Date-Modified = {2013-10-27 02:25:08 +0000},
	Publisher = {Wiley},
	Title = {Nonlinear finite element analysis for continua and structures},
	Volume = {1},
	Year = {1999}}

@article{hughes1978unconditionally,
	Author = {Hughes, Thomas JR and Taylor, Robert L},
	Date-Added = {2013-10-25 16:32:02 +0000},
	Date-Modified = {2013-10-25 16:32:02 +0000},
	Journal = {Computers \& Structures},
	Number = {2},
	Pages = {169--173},
	Publisher = {Elsevier},
	Title = {Unconditionally stable algorithms for quasi-static elasto/visco-plastic finite element analysis},
	Volume = {8},
	Year = {1978}}

@article{hughes1978consistent,
	Author = {Hughes, Thomas JR and Pister, Karl S},
	Date-Added = {2013-10-25 16:30:30 +0000},
	Date-Modified = {2013-10-25 16:30:30 +0000},
	Journal = {Computers \& Structures},
	Number = {3},
	Pages = {391--397},
	Publisher = {Elsevier},
	Title = {Consistent linearization in mechanics of solids and structures},
	Volume = {8},
	Year = {1978}}

@article{al2010complex,
	Author = {Al-Mohy, Awad H and Higham, Nicholas J},
	Date-Added = {2013-10-25 15:12:19 +0000},
	Date-Modified = {2013-10-25 15:12:19 +0000},
	Journal = {Numerical Algorithms},
	Number = {1},
	Pages = {133--148},
	Publisher = {Springer},
	Title = {The complex step approximation to the Fr{\'e}chet derivative of a matrix function},
	Volume = {53},
	Year = {2010}}

@article{hudspeth2012dynamic,
	Author = {Hudspeth, Matthew and Nie, Xu and Chen, Weinong},
	Date-Added = {2013-08-15 03:57:31 +0000},
	Date-Modified = {2013-08-15 03:57:31 +0000},
	Journal = {Polymer},
	Publisher = {Elsevier},
	Title = {Dynamic failure of Dyneema SK76 single fibers under biaxial shear/tension},
	Year = {2012}}

@article{lam2000effect,
	Author = {Lam, David CC and Chong, Arthur},
	Date-Added = {2013-08-15 03:31:16 +0000},
	Date-Modified = {2013-08-15 03:31:16 +0000},
	Journal = {Materials Science and Engineering: A},
	Number = {1},
	Pages = {156--161},
	Publisher = {Elsevier},
	Title = {Effect of cross-link density on strain gradient plasticity in epoxy},
	Volume = {281},
	Year = {2000}}

@article{berkowitz1995characterization,
	Author = {Berkowitz, Brian and Scher, Harvey},
	Date-Added = {2013-08-07 16:01:35 +0000},
	Date-Modified = {2013-08-07 16:01:35 +0000},
	Journal = {Water Resources Research},
	Number = {6},
	Pages = {1461--1466},
	Publisher = {American Geophysical Union},
	Title = {On characterization of anomalous dispersion in porous and fractured media},
	Volume = {31},
	Year = {1995}}

@article{katiyar2013,
	Author = {Katiyar, A. and Foster, J.T. and Sharma, M.},
	Date-Added = {2013-07-16 21:10:27 +0000},
	Date-Modified = {2013-08-08 13:39:50 +0000},
	Journal = {Journal of Computational Physics},
	Title = {A peridynamic formulation of pressure driven convctive fluid transport in porous media.},
	Volume = {Submitted},
	Year = {2013}}

@article{du2013analysis,
	Author = {Du, Qiang and Gunzburger, Max and Lehoucq, RB and Zhou, Kun},
	Date-Added = {2013-07-09 20:49:26 +0000},
	Date-Modified = {2013-07-09 20:49:54 +0000},
	Doi = {10.1007/s10659-012-9418-x},
	Journal = {Journal of Elasticity},
	Pages = {1--25},
	Publisher = {Springer},
	Title = {Analysis of the volume-constrained peridynamic Navier equation of linear elasticity},
	Year = {2013},
	Bdsk-Url-1 = {http://dx.doi.org/10.1007/s10659-012-9418-x}}

@article{seleson2013interface,
	Author = {Seleson, P. and Gunzburger, M. and Parks, M.L.},
	Date-Added = {2013-07-09 18:36:25 +0000},
	Date-Modified = {2013-07-09 20:48:25 +0000},
	Doi = {10.1016/j.cma.2013.05.018},
	Journal = {Computer Methods in Applied Mechanics and Engineering},
	Publisher = {Elsevier},
	Title = {Interface problems in nonlocal diffusion and sharp transitions between local and nonlocal domains},
	Year = {2013},
	Bdsk-Url-1 = {http://dx.doi.org/10.1016/j.cma.2013.05.018}}

@article{du2012new,
	Author = {Du, Q and Kamm, J.R. and Lehoucq, R.B. and Parks, M.L.},
	Date-Added = {2013-07-09 18:28:31 +0000},
	Date-Modified = {2013-07-09 18:30:35 +0000},
	Doi = {10.1137/110833233},
	Journal = {SIAM Journal on Applied Mathematics},
	Number = {1},
	Pages = {464--487},
	Publisher = {SIAM},
	Title = {A new approach for a nonlocal, nonlinear conservation law},
	Volume = {72},
	Year = {2012},
	Bdsk-Url-1 = {http://dx.doi.org/10.1137/110833233}}

@article{du2012analysis2,
	Author = {Du, Q. and Gunzburger, M. and Lehoucq, R.B. and Zhou, K.},
	Date-Added = {2013-07-09 18:23:59 +0000},
	Date-Modified = {2013-07-09 18:24:51 +0000},
	Doi = {10.1137/110833294},
	Journal = {SIAM Review},
	Number = {4},
	Pages = {667--696},
	Publisher = {SIAM},
	Title = {Analysis and approximation of nonlocal diffusion problems with volume constraints},
	Volume = {54},
	Year = {2012},
	Bdsk-Url-1 = {http://dx.doi.org/10.1137/110833294}}

@article{du2013nonlocal,
	Author = {Du, Q. and Gunzburger, M. and Lehoucq, R.B. and Zhou, K.},
	Date-Added = {2013-07-09 18:22:03 +0000},
	Date-Modified = {2013-07-09 18:31:04 +0000},
	Doi = {10.1142/S0218202512500546},
	Journal = {Mathematical Models and Methods in Applied Sciences},
	Number = {03},
	Pages = {493--540},
	Publisher = {World Scientific},
	Title = {A nonlocal vector calculus, nonlocal volume-constrained problems, and nonlocal balance laws},
	Volume = {23},
	Year = {2013},
	Bdsk-Url-1 = {http://dx.doi.org/10.1142/S0218202512500546}}

@article{sen2012spatially,
	Author = {Sen, M. and Ramos, E.},
	Date-Added = {2013-07-09 18:17:32 +0000},
	Date-Modified = {2013-07-09 18:17:47 +0000},
	Journal = {Transport in porous media},
	Number = {1},
	Pages = {29--39},
	Publisher = {Springer},
	Title = {A spatially non-local model for flow in porous media},
	Volume = {92},
	Year = {2012}}

@article{metzler1994fractional,
	Author = {Metzler, R. and Gl{\"o}ckle, W.G. and Nonnenmacher, T.F.},
	Date-Added = {2013-07-09 18:11:56 +0000},
	Date-Modified = {2013-07-09 18:14:05 +0000},
	Doi = {10.1016/0378-4371(94)90064-7},
	Journal = {Physica A: Statistical Mechanics and its Applications},
	Number = {1},
	Pages = {13--24},
	Publisher = {Elsevier},
	Title = {Fractional model equation for anomalous diffusion},
	Volume = {211},
	Year = {1994},
	Bdsk-Url-1 = {http://dx.doi.org/10.1016/0378-4371(94)90064-7}}

@article{metzler2000random,
	Author = {Metzler, R. and Klafter, J.},
	Date-Added = {2013-07-09 18:05:22 +0000},
	Date-Modified = {2013-07-09 18:05:36 +0000},
	Journal = {Physics Reports},
	Number = {1},
	Pages = {1--77},
	Publisher = {Elsevier},
	Title = {The random walk's guide to anomalous diffusion: a fractional dynamics approach},
	Volume = {339},
	Year = {2000}}

@article{bouchaud1990anomalous,
	Author = {Bouchaud, J.-P. and Georges, A.},
	Date-Added = {2013-07-09 17:57:17 +0000},
	Date-Modified = {2013-07-09 20:01:19 +0000},
	Doi = {10.1016/0370-1573(90)90099-N},
	Journal = {Physics Reports},
	Number = {4},
	Pages = {127--293},
	Publisher = {Elsevier},
	Title = {Anomalous diffusion in disordered media: statistical mechanisms, models and physical applications},
	Volume = {195},
	Year = {1990},
	Bdsk-Url-1 = {http://dx.doi.org/10.1016/0370-1573(90)90099-N}}

@article{klafter1987stochastic,
	Author = {Klafter, J. and Blumen, A. and Shlesinger, M.F.},
	Date-Added = {2013-07-09 17:54:06 +0000},
	Date-Modified = {2013-07-09 17:54:52 +0000},
	Doi = {10.1103/PhysRevA.35.3081},
	Journal = {Physical Review A},
	Number = {7},
	Pages = {3081},
	Publisher = {APS},
	Title = {Stochastic pathway to anomalous diffusion},
	Volume = {35},
	Year = {1987},
	Bdsk-Url-1 = {http://dx.doi.org/10.1103/PhysRevA.35.3081}}

@article{ganti2010normal,
	Author = {Ganti, V. and Meerschaert, M.M. and Foufoula-Georgiou, E. and Viparelli, E. and Parker, G.},
	Date-Added = {2013-07-09 17:45:26 +0000},
	Date-Modified = {2013-07-09 19:56:06 +0000},
	Doi = {10.1029/2008JF001222},
	Journal = {Journal of Geophysical Research: Earth Surface (2003--2012)},
	Number = {F2},
	Title = {Normal and anomalous diffusion of gravel tracer particles in rivers},
	Volume = {115},
	Year = {2010},
	Bdsk-Url-1 = {http://dx.doi.org/10.1029/2008JF001222}}

@article{cortis2004anomalous,
	Author = {Cortis, A. and Berkowitz, B.},
	Date-Added = {2013-07-09 17:42:44 +0000},
	Date-Modified = {2013-07-09 19:55:22 +0000},
	Doi = {10.2136/sssaj2004.1539},
	Journal = {Soil Science Society of America Journal},
	Number = {5},
	Pages = {1539--1548},
	Publisher = {Soil Science Society},
	Title = {{Anomalous transport in ``classical'' soil and sand columns}},
	Volume = {68},
	Year = {2004},
	Bdsk-Url-1 = {http://dx.doi.org/10.2136/sssaj2004.1539}}

@article{serrano1995forecasting,
	Author = {Serrano, S.E.},
	Date-Added = {2013-07-09 17:38:57 +0000},
	Date-Modified = {2013-07-09 20:00:04 +0000},
	Doi = {10.1016/0022-1694(94)02663-V},
	Journal = {Journal of Hydrology},
	Number = {1},
	Pages = {151--169},
	Publisher = {Elsevier},
	Title = {Forecasting scale-dependent dispersion from spills in heterogeneous aquifers},
	Volume = {169},
	Year = {1995},
	Bdsk-Url-1 = {http://dx.doi.org/10.1016/0022-1694(94)02663-V}}

@article{pickens1981scale,
	Author = {Pickens, J.F. and Grisak, G.E.},
	Date-Added = {2013-07-09 17:35:57 +0000},
	Date-Modified = {2013-07-09 19:56:37 +0000},
	Doi = {10.1029/WR017i004p01191},
	Journal = {Water Resources Research},
	Number = {4},
	Pages = {1191--1211},
	Publisher = {Wiley Online Library},
	Title = {Scale-dependent dispersion in a stratified granular aquifer},
	Volume = {17},
	Year = {1981},
	Bdsk-Url-1 = {http://dx.doi.org/10.1029/WR017i004p01191}}

@article{koch1988anomalous,
	Author = {Koch, D.L. and Brady, J.F.},
	Date-Added = {2013-07-09 17:22:27 +0000},
	Date-Modified = {2013-07-09 19:54:56 +0000},
	Doi = {10.1063/1.866716},
	Journal = {Physics of Fluids},
	Pages = {965},
	Title = {Anomalous diffusion in heterogeneous porous media},
	Volume = {31},
	Year = {1988},
	Bdsk-Url-1 = {http://dx.doi.org/10.1063/1.866716}}

@article{banks2005anomalous,
	Author = {Banks, Daniel S and Fradin, C{\'e}cile},
	Date-Added = {2013-07-09 17:11:41 +0000},
	Date-Modified = {2013-07-09 17:12:37 +0000},
	Doi = {10.1529/biophysj.104.051078},
	Journal = {Biophysical Journal},
	Number = {5},
	Pages = {2960--2971},
	Publisher = {Elsevier},
	Title = {Anomalous diffusion of proteins due to molecular crowding},
	Volume = {89},
	Year = {2005},
	Bdsk-Url-1 = {http://dx.doi.org/10.1529/biophysj.104.051078}}

@article{granek1997semi,
	Author = {Granek, R},
	Date-Added = {2013-07-09 17:09:29 +0000},
	Date-Modified = {2013-07-09 17:10:03 +0000},
	Doi = {10.1051/jp2:1997214},
	Journal = {Journal de Physique II},
	Number = {12},
	Pages = {1761--1788},
	Publisher = {EDP Sciences},
	Title = {{From semi-flexible polymers to membranes: anomalous diffusion and reptation}},
	Volume = {7},
	Year = {1997},
	Bdsk-Url-1 = {http://dx.doi.org/10.1051/jp2:1997214}}

@article{kou2004,
	Author = {Kou, S.C. and Xie, X. Sunney},
	Date-Added = {2013-07-09 17:04:16 +0000},
	Date-Modified = {2013-07-09 17:06:43 +0000},
	Doi = {10.1103/PhysRevLett.93.180603},
	Issue = {18},
	Journal = {Physical Review Letters},
	Month = {Oct},
	Numpages = {4},
	Pages = {180603},
	Publisher = {American Physical Society},
	Title = {{Generalized Langevin equation with fractional Gaussian noise: Subdiffusion within a single protein molecule}},
	Volume = {93},
	Year = {2004},
	Bdsk-Url-1 = {http://link.aps.org/doi/10.1103/PhysRevLett.93.180603},
	Bdsk-Url-2 = {http://dx.doi.org/10.1103/PhysRevLett.93.180603}}

@article{ott1990anomalous,
	Author = {Ott, A. and Bouchaud, J.P. and Langevin, D. and Urbach, W.},
	Date-Added = {2013-07-09 16:58:06 +0000},
	Date-Modified = {2013-07-09 17:07:53 +0000},
	Doi = {10.1103/PhysRevLett.65.2201},
	Journal = {Physical Review Letters},
	Number = {17},
	Pages = {2201},
	Publisher = {APS},
	Title = {{Anomalous diffusion in ``living polymers'': A genuine Levy flight?}},
	Volume = {65},
	Year = {1990},
	Bdsk-Url-1 = {http://dx.doi.org/10.1103/PhysRevLett.65.2201}}

@article{yilmaz1983anomalous,
	Author = {Yilmaz, Levent and Tosun, {\.I}smai̇l and G{\"u}rkan, T{\"u}rker and G{\"u}l{\c{c}}at, {\"U}lgen},
	Date-Added = {2013-06-26 15:44:25 +0000},
	Date-Modified = {2013-06-26 15:44:25 +0000},
	Journal = {Mathematical Modelling},
	Number = {6},
	Pages = {535--543},
	Publisher = {Elsevier},
	Title = {Anomalous diffusion of liquids in glassy polymers},
	Volume = {4},
	Year = {1983}}

@article{rahman2013a,
	Author = {Rahman, R. and Foster, J.T. and Haque, A.},
	Date-Added = {2013-06-11 14:11:47 +0000},
	Date-Modified = {2013-07-16 21:08:05 +0000},
	Doi = {10.1021/jp402814t},
	Journal = {The Journal of Physical Chemistry A},
	Number = {25},
	Pages = {5344--5353},
	Title = {Molecular Dynamics Simulation and Characterization of Graphene-Cellulose Nanocomposites},
	Volume = {117},
	Year = {2013},
	Bdsk-Url-1 = {http://pubs.acs.org/doi/abs/10.1021/jp402814t},
	Bdsk-Url-2 = {http://dx.doi.org/10.1021/jp402814t}}

@article{york2013,
	Author = {York, J.R. and Foster, J.T. and Nishida, E.E. and Song, B.},
	Date-Added = {2013-06-06 14:42:45 +0000},
	Date-Modified = {2013-06-06 15:14:37 +0000},
	Journal = {Experimental Mechanics},
	Title = {{A novel torsional Kolksy bar for constant-strain-rate materials testing.}},
	Volume = {In preparation},
	Year = {2013}}

@article{rahman2013b,
	Author = {R. Rahman and J.T. Foster and A. Haque},
	Date-Added = {2013-06-06 14:38:52 +0000},
	Date-Modified = {2014-01-30 18:15:59 +0000},
	Doi = {10.1615/IntJMultCompEng.2014007954},
	Journal = {International Journal of Multiscale Computational Engineering},
	Title = {{A multiscale modeling scheme based on peridynamic theory}},
	Volume = {Accepted},
	Year = {2013},
	Bdsk-Url-1 = {http://dx.doi.org/10.1615/IntJMultCompEng.2014007954}}

@electronic{eia2013,
	Author = {{U.S.~Energy~Information~Administration}},
	Date-Added = {2013-04-29 04:13:40 +0000},
	Date-Modified = {2013-04-29 04:15:14 +0000},
	Lastchecked = {04/28/2013},
	Title = {U.S. Natural Gas Market Production},
	Url = {http://www.eia.gov/dnav/ng/hist/n9050us2a.htm},
	Year = {2013},
	Bdsk-Url-1 = {http://www.eia.gov/dnav/ng/hist/n9050us2a.htm}}

@article{gunzburger2010,
	Author = {Gunzburger, Max and Lehoucq, RB},
	Date-Added = {2013-04-18 22:07:07 +0000},
	Date-Modified = {2013-04-18 22:07:51 +0000},
	Doi = {10.1137/090766607},
	Journal = {Multiscale Modeling \& Simulation},
	Number = {5},
	Pages = {1581--1598},
	Publisher = {SIAM},
	Title = {A nonlocal vector calculus with application to nonlocal boundary value problems},
	Volume = {8},
	Year = {2010},
	Bdsk-Url-1 = {http://dx.doi.org/10.1137/090766607}}

@phdthesis{seleson2010,
	Author = {Seleson, P.D.},
	Date-Added = {2013-04-18 22:03:28 +0000},
	Date-Modified = {2013-04-18 22:09:41 +0000},
	School = {The Florida State University},
	Title = {Peridynamic Multiscale Models for the Mechanics of Materials: Constitutive Relations, Upscaling from Atomistic Systems, and Interface Problems},
	Year = {2010}}

@article{littlewood2010,
	Author = {David J. Littlewood},
	Date-Added = {2013-02-22 20:19:33 +0000},
	Date-Modified = {2013-02-22 20:19:52 +0000},
	Doi = {10.1115/IMECE2010-40621},
	Journal = {ASME Conference Proceedings},
	Number = {44465},
	Pages = {209-217},
	Publisher = {ASME},
	Title = {Simulation of Dynamic Fracture Using Peridynamics, Finite Element Modeling, and Contact},
	Volume = {2010},
	Year = {2010},
	Bdsk-Url-1 = {http://link.aip.org/link/abstract/ASMECP/v2010/i44465/p209/s1},
	Bdsk-Url-2 = {http://dx.doi.org/10.1115/IMECE2010-40621}}

@book{simo1998,
	Author = {Simo, J.C. and Hughes, T.J.},
	Date-Added = {2013-02-20 17:43:33 +0000},
	Date-Modified = {2013-02-20 17:43:56 +0000},
	Publisher = {Springer, New York},
	Title = {Computational Inelasticity},
	Year = {1998}}

@article{rahman2013,
	Author = {Rahman, R.},
	Date-Added = {2013-01-28 20:29:35 +0000},
	Date-Modified = {2013-08-14 22:35:55 +0000},
	Journal = {International Journal of Computational Material Science and Engieering},
	Title = {{A peridynamics formulation based hierarchical modeling approach between continuum scale and atomistic scale.}},
	Volume = {Accepted},
	Year = {2013}}

@article{ogrady2013,
	Author = {O'Grady, J.T. and Foster, J.T.},
	Date-Added = {2013-01-28 15:56:41 +0000},
	Date-Modified = {2013-01-28 16:02:18 +0000},
	Journal = {{Journal of Elasticity}},
	Title = {{Two dimensional semi-analytic solutions to the linearized peridynamic equalibrium equation.}},
	Volume = {In preparation},
	Year = {2013}}

@conference{york2013sem,
	Author = {York, J.R. and Foster, J.T. and Nishida, E.E. and Song, B.},
	Booktitle = {Dynamic Behavior of Materials, Volume 1},
	Date-Added = {2013-01-28 15:52:55 +0000},
	Date-Modified = {2013-06-06 15:12:04 +0000},
	Editor = {Song, B. and Casem, D. and Kimberly, J.},
	Publisher = {Springer New York},
	Series = {Conference Proceedings of the Society for Experimental Mechanics Series},
	Title = {{A novel torsional Kolksy bar for constant-strain-rate materials testing.}},
	Year = {2013}}

@article{foster2013,
	Author = {Foster, J.T. and Mitchell, J.A. and Littlewood, D.J. and Parks, M.L.},
	Date-Added = {2013-01-28 15:33:40 +0000},
	Date-Modified = {2013-01-28 15:49:52 +0000},
	Journal = {{International Journal of Plasticity}},
	Title = {{A state-based isotropic hardening plasticity model for perdynamics.}},
	Volume = {In preparation},
	Year = {2013}}

@techreport{mitchell2011nonlocal,
	Author = {Mitchell, J.A.},
	Date-Added = {2013-01-28 15:27:17 +0000},
	Date-Modified = {2013-01-28 15:27:17 +0000},
	Institution = {Sandia National Laboratories},
	Month = {May},
	Number = {SAND2011-3166},
	Title = {A nonlocal, ordinary, state-based plasticity model for peridynamics.},
	Year = {2011}}

@webpage{MICchip,
	Date-Added = {2012-12-17 14:05:49 +0000},
	Date-Modified = {2012-12-17 14:06:19 +0000},
	Lastchecked = {17},
	Month = {December},
	Url = {http://www.intel.com/content/www/us/en/architecture-and-technology/many-integrated-core/intel-many-integrated-core-architecture.html},
	Year = {2012},
	Bdsk-Url-1 = {http://www.intel.com/content/www/us/en/architecture-and-technology/many-integrated-core/intel-many-integrated-core-architecture.html}}

@webpage{top500,
	Date-Added = {2012-12-17 13:47:33 +0000},
	Date-Modified = {2012-12-17 13:47:59 +0000},
	Month = {2012},
	Url = {http://www.top500.org/},
	Year = {November},
	Bdsk-Url-1 = {http://www.top500.org/}}

@article{swegle1995smoothed,
	Author = {Swegle, JW and Hicks, DL and Attaway, SW},
	Date-Added = {2012-12-12 16:24:21 +0000},
	Date-Modified = {2012-12-12 16:24:21 +0000},
	Journal = {Journal of Computational Physics},
	Number = {1},
	Pages = {123--134},
	Publisher = {New York, Academic Press.},
	Title = {Smoothed particle hydrodynamics stability analysis},
	Volume = {116},
	Year = {1995}}

@article{foster2012,
	Author = {Foster, J.T. and Mitchell, J.A. and Littlewood, D.J. and Parks, M.L.},
	Date-Added = {2012-12-05 07:04:11 +0000},
	Date-Modified = {2012-12-05 07:08:00 +0000},
	Journal = {In Preparation},
	Title = {{Implicit time integration of an ordinary state-based peridynamic plasticity model with isotropic hardening}},
	Year = {2012}}

@article{martin2008mastering,
	Author = {Martin, K. and Hoffman, B.},
	Date-Added = {2012-11-30 15:13:42 +0000},
	Date-Modified = {2012-11-30 15:23:21 +0000},
	Journal = {Kitware, Inc.},
	Title = {Mastering CMake 4th Edition},
	Year = {2008}}

@article{schroeder2001visualization,
	Author = {Schroeder, W.J. and Avila, L.S. and Martin, K.M. and Hoffman, W.A. and Law, C.C.},
	Date-Added = {2012-11-30 15:12:48 +0000},
	Date-Modified = {2012-11-30 15:12:48 +0000},
	Journal = {Kitware, Inc},
	Title = {The Visualization Toolkit-User's Guide},
	Year = {2001}}

@article{trilinos,
	Abstract = {The Trilinos Project is an effort to facilitate the design, development, integration and ongoing support of mathematical software libraries within an object-oriented framework for the solution of large-scale, complex multi-physics engineering and scienti c problems. Trilinos addresses two fundamental issues of developing software for these problems: (i) Providing a streamlined process and set of tools for development of new algorithmic implementations and (ii) promoting interoperability of independently developed software.
\par Trilinos uses a two-level software structure designed around collections of packages. A Trilinos package is an integral unit usually developed by a small team of experts in a particular algorithms area such as algebraic preconditioners, nonlinear solvers, etc. Packages exist underneath the Trilinos top level, which provides a common look-and-feel, including configuration, documentation, licensing, and bug-tracking.
\par Here we present the overall Trilinos design, describing our use of abstract interfaces and default concrete implementations. We discuss the services that Trilinos provides to a prospective package and how these services are used by various packages. We also illustrate how packages can be combined to rapidly develop new algorithms. Finally, we discuss how Trilinos facilitates highquality software engineering practices that are increasingly required from simulation software.},
	Address = {New York, NY, USA},
	Author = {Heroux, M.A. and Bartlett, R.A. and Howle, V.E. and Hoekstra, R.J. and Hu, J.J. and Kolda, T.G. and Lehoucq, R.B. and Long, K.R. and Pawlowski, R.P. and Phipps, E.T. and Salinger, A.G. and Thornquist, H.K. and Tuminaro, R.S. and Willenbring, J.M. and Alan Williams and Stanley, K.S.},
	Date-Added = {2012-11-30 15:06:50 +0000},
	Date-Modified = {2012-11-30 15:09:34 +0000},
	Doi = {http://doi.acm.org/10.1145/1089014.1089021},
	Issn = {0098-3500},
	Journal = {ACM Trans. Math. Softw.},
	Number = {3},
	Pages = {397--423},
	Publisher = {ACM Press},
	Title = {An overview of the Trilinos project},
	Volume = {31},
	Year = {2005},
	Bdsk-Url-1 = {http://doi.acm.org/10.1145/1089014.1089021}}

@techreport{peridigm,
	Author = {Parks, M.L. and Littlewood, D.J. and Mitchell, J.A. and Silling, S.A.},
	Date-Added = {2012-11-30 14:38:08 +0000},
	Date-Modified = {2013-10-30 20:59:05 +0000},
	Institution = {Sandia National Laboratories},
	Journal = {Sandia National Laboratories},
	Month = {September},
	Number = {2012-7800},
	Pages = {2012-7800},
	Title = {Peridigm Users' Guide},
	Type = {SANDIA REPORT},
	Year = {2012}}

@article{millwater2011probabilistic,
	Author = {Millwater, H. and Bates, A. and Vazquez, E.},
	Date-Added = {2012-11-25 17:16:10 +0000},
	Date-Modified = {2012-11-25 17:16:10 +0000},
	Journal = {International Journal of Reliability and Safety},
	Number = {1},
	Pages = {1--20},
	Publisher = {Inderscience},
	Title = {Probabilistic sensitivity methods for correlated normal variables},
	Volume = {5},
	Year = {2011}}

@techreport{turner2012modeling,
	Author = {Turner, D.Z.},
	Date-Added = {2012-11-25 15:50:38 +0000},
	Date-Modified = {2012-11-25 15:50:38 +0000},
	Institution = {Sandia National Laboratories},
	Title = {Modeling reactive transport in deformable porous media using the theory of interacting continua.},
	Year = {2012}}

@article{turner2012nonlocal,
	Author = {Turner, D.Z.},
	Date-Added = {2012-11-25 15:49:46 +0000},
	Date-Modified = {2012-11-25 15:49:46 +0000},
	Journal = {arXiv preprint arXiv:1206.5901},
	Title = {A nonlocal model for fluid-structure interaction with applications in hydraulic fracturing},
	Year = {2012}}

@article{su2003effect,
	Author = {Su, G.W. and Nimmo, J.R. and Dragila, M.I.},
	Date-Added = {2012-11-25 06:15:46 +0000},
	Date-Modified = {2012-11-25 06:15:46 +0000},
	Journal = {Water Resources Research},
	Number = {12},
	Pages = {1326},
	Publisher = {American Geophysical Union},
	Title = {Effect of isolated fractures on accelerated flow in unsaturated porous rock},
	Volume = {39},
	Year = {2003}}

@article{atkin1976continuum,
	Author = {Atkin, R.J. and Craine, R.E.},
	Date-Added = {2012-11-25 05:59:54 +0000},
	Date-Modified = {2013-04-29 14:34:46 +0000},
	Journal = {The Quarterly Journal of Mechanics and Applied Mathematics},
	Number = {2},
	Pages = {209--244},
	Publisher = {Oxford Univ Press},
	Title = {Continuum theories of mixtures: basic theory and historical development},
	Volume = {29},
	Year = {1976}}

@article{logvinova2004fractional,
	Author = {Logvinova, K. and N{\'e}el, M.C.},
	Date-Added = {2012-11-24 21:22:16 +0000},
	Date-Modified = {2012-11-24 21:22:16 +0000},
	Journal = {Chaos: An Interdisciplinary Journal of Nonlinear Science},
	Number = {4},
	Pages = {982--987},
	Publisher = {American Institute of Physics},
	Title = {A fractional equation for anomalous diffusion in a randomly heterogeneous porous medium},
	Volume = {14},
	Year = {2004}}

@article{pachepsky2003generalized,
	Author = {Pachepsky, Y. and Timlin, D. and Rawls, W.},
	Date-Added = {2012-11-24 21:20:36 +0000},
	Date-Modified = {2012-11-24 21:20:36 +0000},
	Journal = {Journal of Hydrology},
	Number = {1},
	Pages = {3--13},
	Publisher = {Elsevier},
	Title = {Generalized Richards' equation to simulate water transport in unsaturated soils},
	Volume = {272},
	Year = {2003}}

@article{gale2007natural,
	Author = {Gale, J.F.W. and Reed, R.M. and Holder, J.},
	Date-Added = {2012-11-24 18:41:20 +0000},
	Date-Modified = {2012-11-24 18:41:20 +0000},
	Journal = {AAPG bulletin},
	Number = {4},
	Pages = {603--622},
	Publisher = {American Association of Petroleum Geologists (AAPG)},
	Title = {Natural fractures in the Barnett Shale and their importance for hydraulic fracture treatments},
	Volume = {91},
	Year = {2007}}

@article{chavez2008enhanced,
	Author = {Ch{\'a}vez-P{\'e}rez, S. and Vargas-Meleza, L.},
	Date-Added = {2012-11-24 18:38:08 +0000},
	Date-Modified = {2012-11-24 18:38:08 +0000},
	Journal = {The Leading Edge},
	Number = {3},
	Pages = {352--359},
	Publisher = {Soc Explor Geophys},
	Title = {Enhanced imaging workflow of seismic data from Chicontepec Basin, Mexico},
	Volume = {27},
	Year = {2008}}

@book{dietrich2005flow,
	Author = {Dietrich, P. and Helmig, R. and Sauter, M. and H{\"o}tzl, H. and K{\"o}ngeter, J. and Teutsch, G.},
	Date-Added = {2012-11-24 18:35:28 +0000},
	Date-Modified = {2012-11-24 18:35:28 +0000},
	Publisher = {Springer},
	Title = {Flow and transport in fractured porous media},
	Year = {2005}}

@article{silling2005peridynamic,
	Author = {Silling, S.A. and Bobaru, F.},
	Date-Added = {2012-10-26 02:28:55 +0000},
	Date-Modified = {2012-10-26 02:28:55 +0000},
	Journal = {International Journal of Non-Linear Mechanics},
	Number = {2},
	Pages = {395--409},
	Publisher = {Elsevier},
	Title = {Peridynamic modeling of membranes and fibers},
	Volume = {40},
	Year = {2005}}

@article{bobaru2011peridynamic,
	Author = {Bobaru, Florin and Duangpanya, Monchai},
	Journal = {Journal of Computational Physics},
	Number = {7},
	Pages = {2764--2785},
	Publisher = {Elsevier},
	Title = {A peridynamic formulation for transient heat conduction in bodies with evolving discontinuities},
	Volume = {231},
	Year = {2012}}

@article{kuo1993force,
	Author = {Kuo, S.C. and Sheetz, M.P. and others},
	Date-Added = {2012-10-24 23:36:37 +0000},
	Date-Modified = {2012-10-24 23:36:37 +0000},
	Journal = {Science (New York, NY)},
	Number = {5105},
	Pages = {232},
	Title = {Force of single kinesin molecules measured with optical tweezers.},
	Volume = {260},
	Year = {1993}}

@book{truesdell1991first,
	Author = {Truesdell, C.},
	Date-Added = {2012-10-24 23:33:53 +0000},
	Date-Modified = {2012-10-24 23:33:53 +0000},
	Publisher = {Academic Press},
	Title = {A first course in rational continuum mechanics: General concepts},
	Volume = {1},
	Year = {1991}}

@incollection{foster2012sem,
	Affiliation = {Mechanical Engineering Department, The University of Texas, One UTSA Circle, San Antonio, TX 78249, USA},
	Author = {Foster, J.T. and Nishida, E.E.},
	Booktitle = {Dynamic Behavior of Materials, Volume 1},
	Date-Added = {2012-10-22 12:45:47 +0000},
	Date-Modified = {2013-05-08 03:10:41 +0000},
	Doi = {10.1007/978-1-4614-4238-7_49},
	Editor = {Chalivendra, V. and Song, B. and Casem, D.},
	Isbn = {978-1-4614-4238-7},
	Keyword = {Engineering},
	Pages = {379-386},
	Publisher = {Springer New York},
	Series = {Conference Proceedings of the Society for Experimental Mechanics Series},
	Title = {{\it A priori} Pulse Shaper Design for Constant-Strain-Rate Tests of Elastic-Brittle Materials},
	Year = {2013},
	Bdsk-Url-1 = {http://dx.doi.org/10.1007/978-1-4614-4238-7_49}}

@article{chocron2011modeling,
	Author = {Chocron, S. and Kirchdoerfer, T. and King, N. and Freitas, C.J.},
	Date-Added = {2012-09-13 13:39:37 +0000},
	Date-Modified = {2012-09-13 13:41:28 +0000},
	Doi = {10.1115/1.4004280},
	Journal = {Journal of Applied Mechanics},
	Month = {September},
	Number = {5},
	Pages = {051007},
	Title = {Modeling of Fabric Impact With High Speed Imaging and Nickel-Chromium Wires Validation},
	Volume = {78},
	Year = {2011},
	Bdsk-Url-1 = {http://dx.doi.org/10.1115/1.4004280}}

@article{milano2005mapping,
	Author = {Milano, G. and M{\"u}ller-Plathe, F.},
	Date-Added = {2012-09-13 13:29:32 +0000},
	Date-Modified = {2012-09-13 13:29:51 +0000},
	Doi = {10.1021/jp0523571},
	Journal = {The Journal of Physical Chemistry B},
	Number = {39},
	Pages = {18609--18619},
	Publisher = {ACS Publications},
	Title = {Mapping atomistic simulations to mesoscopic models: A systematic coarse-graining procedure for vinyl polymer chains},
	Volume = {109},
	Year = {2005},
	Bdsk-Url-1 = {http://dx.doi.org/10.1021/jp0523571}}

@article{chocron2012obs,
	Author = {Chocron, S. and Nicholls, A.E. and King, N. and Bigger, R. and Walker, J.D. and Heisserer, U.},
	Date-Added = {2012-09-13 13:18:04 +0000},
	Date-Modified = {2012-09-13 13:43:06 +0000},
	Journal = {Journal of Applied Mechanics},
	Title = {Observations During Ballistic Tests on Dyneema HB80 Strips and {Oberservations during ballistic tests on Dyneema HB80 strips and laminiates}},
	Volume = {In review},
	Year = {2012}}

@techreport{lehoucq2007stat,
	Author = {R.B. Lehoucq and S.A. Silling},
	Date-Added = {2012-09-12 22:11:37 +0000},
	Date-Modified = {2012-09-13 02:39:36 +0000},
	Institution = {Sandia National Laboratories},
	Month = {October},
	Number = {SAND2007-6410},
	Title = {Statistical Coarse-Graining of Molecular Dynamics into Peridynamics},
	Year = {2007}}

@article{hudspeth2012effect,
	Author = {Hudspeth, M.C. and Nie, X. and Chen, W. and Lewis, R.V.},
	Date-Added = {2012-09-12 21:34:43 +0000},
	Date-Modified = {2012-09-12 21:35:01 +0000},
	Doi = {10.1021/bm3003732},
	Journal = {Biomacromolecules},
	Publisher = {ACS Publications},
	Title = {Effect of Loading Rate on Mechanical Properties and Fracture Morphology of Spider Silk},
	Year = {2012},
	Bdsk-Url-1 = {http://dx.doi.org/10.1021/bm3003732}}

@article{muccino1998toward,
	Author = {Muccino, J.C. and Gray, W.G. and Ferrand, L.A.},
	Date-Added = {2012-09-04 20:48:59 +0000},
	Date-Modified = {2012-09-04 20:49:16 +0000},
	Doi = {10.1029/98RG00878},
	Journal = {Reviews of Geophysics},
	Number = {3},
	Pages = {401--422},
	Publisher = {American Geophysical Union},
	Title = {Toward an improved understanding of multiphase flow in porous media},
	Volume = {36},
	Year = {1998},
	Bdsk-Url-1 = {http://dx.doi.org/10.1029/98RG00878}}

@article{bobaru2010peridynamic,
	Author = {Bobaru, F. and Duangpanya, M.},
	Date-Added = {2012-09-04 17:53:26 +0000},
	Date-Modified = {2012-09-04 17:54:06 +0000},
	Doi = {10.1016/j.ijheatmasstransfer.2010.05.024},
	Journal = {International Journal of Heat and Mass Transfer},
	Number = {19},
	Pages = {4047--4059},
	Publisher = {Elsevier},
	Title = {The peridynamic formulation for transient heat conduction},
	Volume = {53},
	Year = {2010},
	Bdsk-Url-1 = {http://dx.doi.org/10.1016/j.ijheatmasstransfer.2010.05.024}}

@book{das2013your,
	Author = {Das, S.},
	Date-Added = {2012-08-22 21:44:55 +0000},
	Date-Modified = {2012-08-22 21:58:28 +0000},
	Edition = {Third},
	Publisher = {McGraw-Hill, Inc.},
	Title = {{Your UNIX/Linux: The Ultimate Guide}},
	Year = {2013}}

@book{eldred2007dakota,
	Author = {Eldred, M.S. and Giunta, A.A. and van Bloemen Waanders, B.G. and Wojtkiewicz, S.F. and Hart, W.E. and Alleva, M.P.},
	Date-Added = {2012-08-14 01:07:17 +0000},
	Date-Modified = {2012-08-14 01:07:17 +0000},
	Publisher = {Sandia National Laboratories Albuquerque, NM},
	Title = {DAKOTA, a multilevel parallel object-oriented framework for design optimization, parameter estimation, uncertainty quantification, and sensitivity analysis: Version 4.1 reference manual},
	Year = {2007}}

@article{wang2012fast,
	Author = {Wang, H. and Tian, H.},
	Date-Added = {2012-08-13 18:48:04 +0000},
	Date-Modified = {2012-08-13 18:48:17 +0000},
	Doi = {10.1016/j.jcp.2012.06.009},
	Journal = {Journal of Computational Physics},
	Publisher = {Elsevier},
	Title = {A fast Galerkin method with efficient matrix assembly and storage for a peridynamic model},
	Year = {2012},
	Bdsk-Url-1 = {http://dx.doi.org/10.1016/j.jcp.2012.06.009}}

@article{hu2012formulation,
	Author = {Hu, W. and Ha, Y.D. and Bobaru, F. and Silling, S.A.},
	Date-Added = {2012-08-13 18:17:01 +0000},
	Date-Modified = {2012-08-13 18:17:17 +0000},
	Doi = {10.1007/s10704-012-9745-8},
	Journal = {International Journal of Fracture},
	Pages = {1--12},
	Publisher = {Springer},
	Title = {The formulation and computation of the nonlocal J-integral in bond-based peridynamics},
	Year = {2012},
	Bdsk-Url-1 = {http://dx.doi.org/10.1007/s10704-012-9745-8}}

@article{weckner2009green,
	Author = {Weckner, O. and Brunk, G. and Epton, M.A. and Silling, S.A. and Askari, E.},
	Date-Added = {2012-08-13 17:51:17 +0000},
	Date-Modified = {2012-08-13 17:51:37 +0000},
	Doi = {10.1098/rspa.2009.0234},
	Journal = {Proceedings of the Royal Society A: Mathematical, Physical and Engineering Science},
	Number = {2111},
	Pages = {3463--3487},
	Publisher = {The Royal Society},
	Title = {Green's functions in non-local three-dimensional linear elasticity},
	Volume = {465},
	Year = {2009},
	Bdsk-Url-1 = {http://dx.doi.org/10.1098/rspa.2009.0234}}

@article{mikata2012analytical,
	Author = {Mikata, Y.},
	Date-Added = {2012-08-13 17:48:30 +0000},
	Date-Modified = {2012-08-13 17:48:48 +0000},
	Doi = {10.1016/j.ijsolstr.2012.02.012},
	Journal = {International Journal of Solids and Structures},
	Publisher = {Elsevier},
	Title = {Analytical Solutions of Peristatic and Peridynamic Problems for a 1D Infinite Rod},
	Year = {2012},
	Bdsk-Url-1 = {http://dx.doi.org/10.1016/j.ijsolstr.2012.02.012}}

@article{leonard2011directional,
	Author = {Leonard, A. and Fraternali, F. and Daraio, C.},
	Date-Added = {2012-08-13 15:22:43 +0000},
	Date-Modified = {2012-08-13 15:23:04 +0000},
	Doi = {10.1007/s11340-011-9544-6},
	Journal = {Experimental Mechanics},
	Pages = {1--11},
	Publisher = {Springer},
	Title = {Directional Wave Propagation in a Highly Nonlinear Square Packing of Spheres},
	Year = {2011},
	Bdsk-Url-1 = {http://dx.doi.org/10.1007/s11340-011-9544-6}}

@article{gunzburger2010nonlocal,
	Author = {Gunzburger, M. and Lehoucq, R.B.},
	Date-Added = {2012-08-09 19:37:46 +0000},
	Date-Modified = {2012-08-09 20:19:48 +0000},
	Doi = {10.1137/090766607},
	Journal = {Multiscale Model. Simul},
	Number = {5},
	Pages = {1581--1598},
	Title = {A nonlocal vector calculus with application to nonlocal boundary value problems},
	Volume = {8},
	Year = {2010},
	Bdsk-Url-1 = {http://dx.doi.org/10.1137/090766607}}

@techreport{du2012analysis,
	Author = {Q. Du and M. Gunzburger and R.B. Lehoucq and K. Zhou},
	Date-Added = {2012-08-09 19:33:56 +0000},
	Date-Modified = {2012-08-09 19:35:49 +0000},
	Institution = {Sandia National Laboratories},
	Number = {SAND2012-5553J},
	Publisher = {Sandia National Laboratories},
	Title = {{Analysis of the volume-constrainted peridynamic Navier equation of linear elasticity}},
	Year = {2012}}

@article{dolbow2001extended,
	Author = {Dolbow, J. and Moes, N. and Belytschko, T.},
	Date-Added = {2012-08-09 15:20:54 +0000},
	Date-Modified = {2012-08-09 15:21:31 +0000},
	Doi = {10.1016/S0045-7825(01)00260-2},
	Journal = {Computer Methods in Applied Mechanics and Engineering},
	Number = {51},
	Pages = {6825--6846},
	Publisher = {Elsevier},
	Title = {An extended finite element method for modeling crack growth with frictional contact},
	Volume = {190},
	Year = {2001},
	Bdsk-Url-1 = {http://dx.doi.org/10.1016/S0045-7825(01)00260-2}}

@article{hirt1974arbitrary,
	Author = {Hirt, C.W. and Amsden, A.A. and Cook, J.L.},
	Date-Added = {2012-08-09 14:14:17 +0000},
	Date-Modified = {2012-08-09 20:19:32 +0000},
	Doi = {10.1016/0021-9991(74)90051-5},
	Journal = {Journal of Computational Physics},
	Number = {3},
	Pages = {227--253},
	Publisher = {Elsevier},
	Title = {An arbitrary Lagrangian-Eulerian computing method for all flow speeds},
	Volume = {14},
	Year = {1974},
	Bdsk-Url-1 = {http://dx.doi.org/10.1016/0021-9991(74)90051-5}}

@article{donea2004arbitrary,
	Author = {Donea, J. and Huerta, A. and Ponthot, J.P. and Rodr{\'\i}guez-Ferran, A.},
	Date-Added = {2012-08-09 14:13:32 +0000},
	Date-Modified = {2012-08-09 14:13:32 +0000},
	Journal = {Encyclopedia of Computational Mechanics},
	Publisher = {Wiley Online Library},
	Title = {Arbitrary Lagrangian--Eulerian methods},
	Year = {2004}}

@article{magnier1998numerical,
	Author = {Magnier, S.A. and Donz{\'e}, F.V.},
	Date-Added = {2012-08-09 14:09:05 +0000},
	Date-Modified = {2012-08-09 20:18:30 +0000},
	Doi = {10.1002/(SICI)1099-1484(199807)3:3<257::AID-CFM50>3.0.CO;2-Z},
	Journal = {Mechanics of Cohesive-frictional Materials},
	Number = {3},
	Pages = {257--276},
	Publisher = {Wiley Online Library},
	Title = {Numerical simulations of impacts using a discrete element method},
	Volume = {3},
	Year = {1998},
	Bdsk-Url-1 = {http://dx.doi.org/10.1002/(SICI)1099-1484(199807)3:3%3C257::AID-CFM50%3E3.0.CO;2-Z}}

@article{sulsky1996axisymmetric,
	Author = {Sulsky, D. and Schreyer, H.L.},
	Date-Added = {2012-08-09 14:06:52 +0000},
	Date-Modified = {2012-08-09 14:07:14 +0000},
	Doi = {10.1016/S0045-7825(96)01091-2},
	Journal = {Computer Methods in Applied Mechanics and Engineering},
	Number = {1},
	Pages = {409--429},
	Publisher = {Elsevier},
	Title = {Axisymmetric form of the material point method with applications to upsetting and Taylor impact problems},
	Volume = {139},
	Year = {1996},
	Bdsk-Url-1 = {http://dx.doi.org/10.1016/S0045-7825(96)01091-2}}

@article{cusatis2011lattice2,
	Author = {Cusatis, G. and Mencarelli, A. and Pelessone, D. and Baylot, J.},
	Date-Added = {2012-08-09 14:03:46 +0000},
	Date-Modified = {2012-08-09 20:20:25 +0000},
	Doi = {10.1016/j.cemconcomp.2011.02.010},
	Journal = {Cement and Concrete Composites},
	Publisher = {Elsevier},
	Title = {{Lattice Discrete Particle Model (LDPM) for failure behavior of concrete. II: Calibration and validation}},
	Year = {2011},
	Bdsk-Url-1 = {http://dx.doi.org/10.1016/j.cemconcomp.2011.02.010}}

@article{cusatis2011lattice1,
	Author = {Cusatis, G. and Pelessone, D. and Mencarelli, A.},
	Date-Added = {2012-08-09 14:02:58 +0000},
	Date-Modified = {2012-08-09 20:20:43 +0000},
	Doi = {10.1016/j.cemconcomp.2011.02.011},
	Journal = {Cement and Concrete Composites},
	Publisher = {Elsevier},
	Title = {{Lattice Discrete Particle Model (LDPM) for failure behavior of concrete. I: Theory}},
	Year = {2011},
	Bdsk-Url-1 = {http://dx.doi.org/10.1016/j.cemconcomp.2011.02.011}}

@article{chen2011continuous,
	Author = {Chen, X. and Gunzburger, M.},
	Date-Added = {2012-08-09 13:50:02 +0000},
	Date-Modified = {2012-08-09 13:50:29 +0000},
	Doi = {10.1016/j.cma.2010.10.014},
	Journal = {Computer Methods in Applied Mechanics and Engineering},
	Number = {9},
	Pages = {1237--1250},
	Publisher = {Elsevier},
	Title = {Continuous and discontinuous finite element methods for a peridynamics model of mechanics},
	Volume = {200},
	Year = {2011},
	Bdsk-Url-1 = {http://dx.doi.org/10.1016/j.cma.2010.10.014}}

@article{nishida2012,
	Author = {E.E. Nishida and J.T. Foster and P.E. Briseno},
	Date-Added = {2012-06-12 00:43:29 +0000},
	Date-Modified = {2012-09-11 12:05:11 +0000},
	Doi = {10.1177/0021998312460263},
	Journal = {Journal of Composite Materials},
	Title = {{Constant-strain-rate testing of a G10 laminate composite through optimized Kolsky bar pulse shaping techniques}},
	Volume = {Accepted},
	Year = {2012},
	Bdsk-Url-1 = {http://dx.doi.org/10.1177/0021998312460263}}

@techreport{nishida2011,
	Author = {E.E. Nishida and J.T. Foster and E.W. Klamerus and D. Burnett},
	Date-Added = {2012-03-28 14:16:59 +0000},
	Date-Modified = {2012-03-28 14:18:47 +0000},
	Institution = {Sandia National Laboratories},
	Number = {SAND2011-8266},
	Title = {Dynamic Behavior of Shock Isolation/ Mitigation Materials by Kolsky Bar Experiments},
	Year = {2011}}

@techreport{xprize,
	Author = {Cox, J.V. and Wellman, G.W. and Emery, J.M. and Ostien, J.T. and Foster, J.T. and Cordova, T.E. and Crenshaw, T.B. and Mota, A. and Bishop, J.E. and Silling, S.A. and Littlewood, D.J. and Foulk III, J.W. and Dowding, K.J. and Dion, K. and Boyce, B.L. and Robbins, J.H. and Spencer, B.W.},
	Date-Added = {2012-03-09 22:06:48 +0000},
	Date-Modified = {2013-01-31 14:43:24 +0000},
	Doi = {10.2172/1029764},
	Institution = {Sandia National Laboratories},
	Number = {SAND2011-6801},
	Title = {{Ductile Failure X-prize}},
	Year = {2012},
	Bdsk-Url-1 = {http://dx.doi.org/10.2172/1029764}}

@inproceedings{wu2012modeling,
	Author = {Wu, R. and Kresse, O. and Weng, X. and Cohen, C. and Gu, H.},
	Booktitle = {SPE Hydraulic Fracturing Technology Conference},
	Date-Added = {2012-02-28 19:06:42 +0000},
	Date-Modified = {2012-02-28 19:06:42 +0000},
	Title = {Modeling of Interaction of Hydraulic Fractures in Complex Fracture Networks},
	Year = {2012}}

@article{warpinski1987influence,
	Author = {Warpinski, NR and Teufel, LW},
	Date-Added = {2012-02-28 19:05:07 +0000},
	Date-Modified = {2012-02-28 19:05:07 +0000},
	Journal = {Journal of Petroleum Technology},
	Number = {2},
	Pages = {209--220},
	Publisher = {Society of Petroleum Engineers},
	Title = {Influence of Geologic Discontinuities on Hydraulic Fracture Propagation (includes associated papers 17011 and 17074)},
	Volume = {39},
	Year = {1987}}

@electronic{texasrr,
	Author = {{Texas~Railroad~Commision}},
	Date-Added = {2012-02-28 18:50:43 +0000},
	Date-Modified = {2013-04-29 03:41:09 +0000},
	Lastchecked = {02/28/2012},
	Month = {February},
	Url = {http://www.rrc.state.tx.us/eagleford/index.php#general},
	Year = {2012},
	Bdsk-Url-1 = {http://www.rrc.state.tx.us/eagleford/index.php#general}}

@booklet{doeoutlook,
	Author = {{U.S.~Energy~Information~Administration}},
	Date-Added = {2012-02-28 17:24:01 +0000},
	Date-Modified = {2013-04-29 03:39:49 +0000},
	Howpublished = {electronic},
	Month = {April},
	Number = {DOE/EIA-0383(2011)},
	Title = {Anual Energy Outlook 2011 With Projections to 2035},
	Year = {2011}}

@article{voorhees2011complex,
	Author = {Voorhees, A. and Millwater, H. and Bagley, R.},
	Date-Added = {2012-02-27 16:14:30 +0000},
	Date-Modified = {2013-08-20 17:07:46 +0000},
	Doi = {10.1016/j.finel.2011.05.003},
	Journal = {Finite Elements in Analysis and Design},
	Number = {10},
	Pages = {1146--1156},
	Publisher = {Elsevier},
	Title = {Complex variable methods for shape sensitivity of finite element models},
	Volume = {47},
	Year = {2011},
	Bdsk-Url-1 = {http://dx.doi.org/10.1016/j.finel.2011.05.003}}

@article{squire1998using,
	Author = {Squire, W. and Trapp, G.},
	Date-Added = {2012-02-27 16:13:57 +0000},
	Date-Modified = {2012-02-27 18:26:52 +0000},
	Journal = {{SIAM Review}},
	Pages = {110--112},
	Publisher = {JSTOR},
	Title = {Using complex variables to estimate derivatives of real functions},
	Year = {1998}}

@article{lyness1968differentiation,
	Author = {Lyness, J.N.},
	Date-Added = {2012-02-27 16:12:44 +0000},
	Date-Modified = {2012-02-27 18:27:14 +0000},
	Journal = {Math. Comp},
	Number = {102},
	Pages = {352--362},
	Title = {Differentiation formulas for analytic functions},
	Volume = {22},
	Year = {1968}}

@article{lyness1967numerical,
	Author = {Lyness, J.N. and Moler, C.B.},
	Date-Added = {2012-02-27 16:12:07 +0000},
	Date-Modified = {2012-02-27 16:12:07 +0000},
	Journal = {SIAM Journal on Numerical Analysis},
	Number = {2},
	Pages = {202--210},
	Publisher = {JSTOR},
	Title = {Numerical differentiation of analytic functions},
	Volume = {4},
	Year = {1967}}

@article{marquardt1963algorithm,
	Author = {Marquardt, D.W.},
	Date-Added = {2012-02-27 14:37:41 +0000},
	Date-Modified = {2012-02-27 14:38:03 +0000},
	Doi = {10.1137/0111030},
	Journal = {Journal of the Society for Industrial and Applied Mathematics},
	Number = {2},
	Pages = {431--441},
	Publisher = {JSTOR},
	Title = {An algorithm for least-squares estimation of nonlinear parameters},
	Volume = {11},
	Year = {1963},
	Bdsk-Url-1 = {http://dx.doi.org/10.1137/0111030}}

@inproceedings{mckay1992latin,
	Author = {McKay, M.D.},
	Booktitle = {Proceedings of the 24th conference on Winter simulation},
	Date-Added = {2012-01-18 19:51:03 +0000},
	Date-Modified = {2012-01-18 19:51:03 +0000},
	Organization = {ACM},
	Pages = {557--564},
	Title = {Latin hypercube sampling as a tool in uncertainty analysis of computer models},
	Year = {1992}}

@article{madsen1985first,
	Author = {Madsen, H.O.},
	Date-Added = {2012-01-18 19:49:25 +0000},
	Date-Modified = {2012-01-18 19:49:25 +0000},
	Journal = {Structural Safety},
	Number = {3},
	Pages = {207--214},
	Publisher = {Elsevier},
	Title = {First order vs. second order reliability analysis of series structures},
	Volume = {2},
	Year = {1985}}

@book{ditlevsen1996structural,
	Author = {Ditlevsen, O. and Madsen, H.O.},
	Date-Added = {2012-01-18 19:48:47 +0000},
	Date-Modified = {2012-01-18 19:48:47 +0000},
	Publisher = {Wiley Chichester},
	Title = {Structural reliability methods},
	Volume = {178},
	Year = {1996}}

@article{hohenbichler1987new,
	Author = {Hohenbichler, M. and Gollwitzer, S. and Kruse, W. and Rackwitz, R.},
	Date-Added = {2012-01-18 19:48:03 +0000},
	Date-Modified = {2012-01-18 19:48:03 +0000},
	Journal = {Structural Safety},
	Number = {4},
	Pages = {267--284},
	Publisher = {Elsevier},
	Title = {New light on first-and second-order reliability methods},
	Volume = {4},
	Year = {1987}}

@article{hohenbichler1983first,
	Author = {Hohenbichler, M. and Rackwitz, R.},
	Date-Added = {2012-01-18 19:47:42 +0000},
	Date-Modified = {2012-01-18 19:47:42 +0000},
	Journal = {Structural Safety},
	Number = {3},
	Pages = {177--188},
	Publisher = {Elsevier},
	Title = {First-order concepts in system reliability},
	Volume = {1},
	Year = {1983}}

@article{bishop2011statistical,
	Author = {Bishop, JE and Strack, OE},
	Date-Added = {2012-01-18 19:18:34 +0000},
	Date-Modified = {2012-01-18 19:18:34 +0000},
	Journal = {International Journal for Numerical Methods in Engineering},
	Publisher = {Wiley Online Library},
	Title = {A statistical method for verifying mesh convergence in Monte Carlo simulations with application to fragmentation},
	Year = {2011}}

@article{massey1951kolmogorov,
	Author = {Massey Jr, F.J.},
	Date-Added = {2012-01-18 19:17:21 +0000},
	Date-Modified = {2012-01-18 19:17:21 +0000},
	Journal = {Journal of the American Statistical Association},
	Pages = {68--78},
	Publisher = {JSTOR},
	Title = {The Kolmogorov-Smirnov test for goodness of fit},
	Year = {1951}}

@article{peerlings2002localisation,
	Author = {Peerlings, RHJ and De Borst, R. and Brekelmans, WAM and Geers, MGD},
	Date-Added = {2012-01-18 17:12:27 +0000},
	Date-Modified = {2012-01-18 17:12:27 +0000},
	Journal = {European Journal of Mechanics-A/Solids},
	Number = {2},
	Pages = {175--189},
	Publisher = {Elsevier},
	Title = {Localisation issues in local and nonlocal continuum approaches to fracture},
	Volume = {21},
	Year = {2002},
	Bdsk-File-1 = {YnBsaXN0MDDUAQIDBAUGJCVYJHZlcnNpb25YJG9iamVjdHNZJGFyY2hpdmVyVCR0b3ASAAGGoKgHCBMUFRYaIVUkbnVsbNMJCgsMDxJXTlMua2V5c1pOUy5vYmplY3RzViRjbGFzc6INDoACgAOiEBGABIAFgAdccmVsYXRpdmVQYXRoWWFsaWFzRGF0YV8QMC4uLy4uL1JlZmVyZW5jZS9QYXBlcnMvQnlBdXRob3IvZGVCb3JzdC8xNzM1LnBkZtIXCxgZV05TLmRhdGFPEQG+AAAAAAG+AAIAAAxNYWNpbnRvc2ggSEQAAAAAAAAAAAAAAAAAAADMbdd6SCsAAAAVh4cIMTczNS5wZGYAAAAAAAAAAAAAAAAAAAAAAAAAAAAAAAAAAAAAAAAAAAAAAAAAAAAAAAAAAAAAAAAAAAAAAAAAABWHics1w/4AAAAAAAAAAAACAAUAAAkgAAAAAAAAAAAAAAAAAAAAB2RlQm9yc3QAABAACAAAzG4dygAAABEACAAAyzYYXgAAAAEAHAAVh4cAFYcjABWHIQAUbk8ABcJMAAXCSwACA6UAAgBVTWFjaW50b3NoIEhEOlVzZXJzOgBmZXM3ODg6AERvY3VtZW50czoAUmVmZXJlbmNlOgBQYXBlcnM6AEJ5QXV0aG9yOgBkZUJvcnN0OgAxNzM1LnBkZgAADgASAAgAMQA3ADMANQAuAHAAZABmAA8AGgAMAE0AYQBjAGkAbgB0AG8AcwBoACAASABEABIAQVVzZXJzL2Zlczc4OC9Eb2N1bWVudHMvUmVmZXJlbmNlL1BhcGVycy9CeUF1dGhvci9kZUJvcnN0LzE3MzUucGRmAAATAAEvAAAVAAIADf//AACABtIbHB0eWiRjbGFzc25hbWVYJGNsYXNzZXNdTlNNdXRhYmxlRGF0YaMdHyBWTlNEYXRhWE5TT2JqZWN00hscIiNcTlNEaWN0aW9uYXJ5oiIgXxAPTlNLZXllZEFyY2hpdmVy0SYnVHJvb3SAAQAIABEAGgAjAC0AMgA3AEAARgBNAFUAYABnAGoAbABuAHEAcwB1AHcAhACOAMEAxgDOApACkgKXAqICqwK5Ar0CxALNAtIC3wLiAvQC9wL8AAAAAAAAAgEAAAAAAAAAKAAAAAAAAAAAAAAAAAAAAv4=}}

@article{meulbroek2008cth,
	Author = {Meulbroek, J.P. and Ramesh, K.T. and Swaminathan, P.K. and Lennon, A.M.},
	Date-Added = {2012-01-13 15:04:00 +0000},
	Date-Modified = {2012-08-09 20:19:03 +0000},
	Doi = {10.1016/j.ijimpeng.2008.07.066},
	Journal = {International Journal of Impact Engineering},
	Number = {12},
	Pages = {1661--1665},
	Publisher = {Elsevier},
	Title = {CTH simulations of an expanding ring to study fragmentation},
	Volume = {35},
	Year = {2008},
	Bdsk-File-1 = {YnBsaXN0MDDUAQIDBAUGJCVYJHZlcnNpb25YJG9iamVjdHNZJGFyY2hpdmVyVCR0b3ASAAGGoKgHCBMUFRYaIVUkbnVsbNMJCgsMDxJXTlMua2V5c1pOUy5vYmplY3RzViRjbGFzc6INDoACgAOiEBGABIAFgAdccmVsYXRpdmVQYXRoWWFsaWFzRGF0YV8QQy4uLy4uL1JlZmVyZW5jZS9QYXBlcnMvQnlTdWJqZWN0L0V4cGFuZGluZ1JpbmcvQ1RIZXhwYW5kaW5nUmluZy5wZGbSFwsYGVdOUy5kYXRhTxECAAAAAAACAAACAAAMTWFjaW50b3NoIEhEAAAAAAAAAAAAAAAAAAAAzG3XekgrAAAAFYidFENUSGV4cGFuZGluZ1JpbmcucGRmAAAAAAAAAAAAAAAAAAAAAAAAAAAAAAAAAAAAAAAAAAAAAAAAAAAAAAAAAAAViJ7KMON0AAAAAAAAAAAAAgAFAAAJIAAAAAAAAAAAAAAAAAAAAA1FeHBhbmRpbmdSaW5nAAAQAAgAAMxuHcoAAAARAAgAAMoxKcQAAAABABwAFYidABWIagAVhyEAFG5PAAXCTAAFwksAAgOlAAIAaE1hY2ludG9zaCBIRDpVc2VyczoAZmVzNzg4OgBEb2N1bWVudHM6AFJlZmVyZW5jZToAUGFwZXJzOgBCeVN1YmplY3Q6AEV4cGFuZGluZ1Jpbmc6AENUSGV4cGFuZGluZ1JpbmcucGRmAA4AKgAUAEMAVABIAGUAeABwAGEAbgBkAGkAbgBnAFIAaQBuAGcALgBwAGQAZgAPABoADABNAGEAYwBpAG4AdABvAHMAaAAgAEgARAASAFRVc2Vycy9mZXM3ODgvRG9jdW1lbnRzL1JlZmVyZW5jZS9QYXBlcnMvQnlTdWJqZWN0L0V4cGFuZGluZ1JpbmcvQ1RIZXhwYW5kaW5nUmluZy5wZGYAEwABLwAAFQACAA3//wAAgAbSGxwdHlokY2xhc3NuYW1lWCRjbGFzc2VzXU5TTXV0YWJsZURhdGGjHR8gVk5TRGF0YVhOU09iamVjdNIbHCIjXE5TRGljdGlvbmFyeaIiIF8QD05TS2V5ZWRBcmNoaXZlctEmJ1Ryb290gAEACAARABoAIwAtADIANwBAAEYATQBVAGAAZwBqAGwAbgBxAHMAdQB3AIQAjgDUANkA4QLlAucC7AL3AwADDgMSAxkDIgMnAzQDNwNJA0wDUQAAAAAAAAIBAAAAAAAAACgAAAAAAAAAAAAAAAAAAANT},
	Bdsk-Url-1 = {http://dx.doi.org/10.1016/j.ijimpeng.2008.07.066}}

@article{mcdowell2008viscoplasticity,
	Author = {McDowell, D.L.},
	Date-Added = {2012-01-10 20:04:05 +0000},
	Date-Modified = {2012-01-10 20:04:42 +0000},
	Doi = {10.1016/j.mser.2008.04.003,},
	Journal = {Materials Science and Engineering: R: Reports},
	Number = {3},
	Pages = {67--123},
	Publisher = {Elsevier},
	Title = {Viscoplasticity of heterogeneous metallic materials},
	Volume = {62},
	Year = {2008},
	Bdsk-File-1 = {YnBsaXN0MDDUAQIDBAUGJCVYJHZlcnNpb25YJG9iamVjdHNZJGFyY2hpdmVyVCR0b3ASAAGGoKgHCBMUFRYaIVUkbnVsbNMJCgsMDxJXTlMua2V5c1pOUy5vYmplY3RzViRjbGFzc6INDoACgAOiEBGABIAFgAdccmVsYXRpdmVQYXRoWWFsaWFzRGF0YV8QOS4uLy4uL1JlZmVyZW5jZS9QYXBlcnMvQnlTdWJqZWN0L05vbmxvY2FsaXR5L3NjaWVuY2UxLnBkZtIXCxgZV05TLmRhdGFPEQHaAAAAAAHaAAIAAAxNYWNpbnRvc2ggSEQAAAAAAAAAAAAAAAAAAADMbdd6SCsAAAAViP0Mc2NpZW5jZTEucGRmAAAAAAAAAAAAAAAAAAAAAAAAAAAAAAAAAAAAAAAAAAAAAAAAAAAAAAAAAAAAAAAAAAAAABWI/8sx9bAAAAAAAAAAAAACAAUAAAkgAAAAAAAAAAAAAAAAAAAAC05vbmxvY2FsaXR5AAAQAAgAAMxuHcoAAAARAAgAAMsyShAAAAABABwAFYj9ABWIagAVhyEAFG5PAAXCTAAFwksAAgOlAAIAXk1hY2ludG9zaCBIRDpVc2VyczoAZmVzNzg4OgBEb2N1bWVudHM6AFJlZmVyZW5jZToAUGFwZXJzOgBCeVN1YmplY3Q6AE5vbmxvY2FsaXR5OgBzY2llbmNlMS5wZGYADgAaAAwAcwBjAGkAZQBuAGMAZQAxAC4AcABkAGYADwAaAAwATQBhAGMAaQBuAHQAbwBzAGgAIABIAEQAEgBKVXNlcnMvZmVzNzg4L0RvY3VtZW50cy9SZWZlcmVuY2UvUGFwZXJzL0J5U3ViamVjdC9Ob25sb2NhbGl0eS9zY2llbmNlMS5wZGYAEwABLwAAFQACAA3//wAAgAbSGxwdHlokY2xhc3NuYW1lWCRjbGFzc2VzXU5TTXV0YWJsZURhdGGjHR8gVk5TRGF0YVhOU09iamVjdNIbHCIjXE5TRGljdGlvbmFyeaIiIF8QD05TS2V5ZWRBcmNoaXZlctEmJ1Ryb290gAEACAARABoAIwAtADIANwBAAEYATQBVAGAAZwBqAGwAbgBxAHMAdQB3AIQAjgDKAM8A1wK1ArcCvALHAtAC3gLiAukC8gL3AwQDBwMZAxwDIQAAAAAAAAIBAAAAAAAAACgAAAAAAAAAAAAAAAAAAAMj},
	Bdsk-Url-1 = {http://dx.doi.org/10.1016/j.mser.2008.04.003,}}

@article{berveiller1993nonlocal,
	Author = {Berveiller, M. and Muller, D. and Kratochvil, J.},
	Date-Added = {2012-01-10 19:52:40 +0000},
	Date-Modified = {2012-01-10 19:53:22 +0000},
	Doi = {10.1016/0749-6419(93)90024-K},
	Journal = {International Journal of Plasticity},
	Number = {5},
	Pages = {633--652},
	Publisher = {Elsevier},
	Title = {Nonlocal versus local elastoplastic behaviour of heterogeneous materials},
	Volume = {9},
	Year = {1993},
	Bdsk-File-1 = {YnBsaXN0MDDUAQIDBAUGJCVYJHZlcnNpb25YJG9iamVjdHNZJGFyY2hpdmVyVCR0b3ASAAGGoKgHCBMUFRYaIVUkbnVsbNMJCgsMDxJXTlMua2V5c1pOUy5vYmplY3RzViRjbGFzc6INDoACgAOiEBGABIAFgAdccmVsYXRpdmVQYXRoWWFsaWFzRGF0YV8QOC4uLy4uL1JlZmVyZW5jZS9QYXBlcnMvQnlTdWJqZWN0L05vbmxvY2FsaXR5L3NjaWVuY2UucGRm0hcLGBlXTlMuZGF0YU8RAdgAAAAAAdgAAgAADE1hY2ludG9zaCBIRAAAAAAAAAAAAAAAAAAAAMxt13pIKwAAABWI/QtzY2llbmNlLnBkZgAAAAAAAAAAAAAAAAAAAAAAAAAAAAAAAAAAAAAAAAAAAAAAAAAAAAAAAAAAAAAAAAAAAAAAFYj+yzHy1gAAAAAAAAAAAAIABQAACSAAAAAAAAAAAAAAAAAAAAALTm9ubG9jYWxpdHkAABAACAAAzG4dygAAABEACAAAyzJHNgAAAAEAHAAViP0AFYhqABWHIQAUbk8ABcJMAAXCSwACA6UAAgBdTWFjaW50b3NoIEhEOlVzZXJzOgBmZXM3ODg6AERvY3VtZW50czoAUmVmZXJlbmNlOgBQYXBlcnM6AEJ5U3ViamVjdDoATm9ubG9jYWxpdHk6AHNjaWVuY2UucGRmAAAOABgACwBzAGMAaQBlAG4AYwBlAC4AcABkAGYADwAaAAwATQBhAGMAaQBuAHQAbwBzAGgAIABIAEQAEgBJVXNlcnMvZmVzNzg4L0RvY3VtZW50cy9SZWZlcmVuY2UvUGFwZXJzL0J5U3ViamVjdC9Ob25sb2NhbGl0eS9zY2llbmNlLnBkZgAAEwABLwAAFQACAA3//wAAgAbSGxwdHlokY2xhc3NuYW1lWCRjbGFzc2VzXU5TTXV0YWJsZURhdGGjHR8gVk5TRGF0YVhOU09iamVjdNIbHCIjXE5TRGljdGlvbmFyeaIiIF8QD05TS2V5ZWRBcmNoaXZlctEmJ1Ryb290gAEACAARABoAIwAtADIANwBAAEYATQBVAGAAZwBqAGwAbgBxAHMAdQB3AIQAjgDJAM4A1gKyArQCuQLEAs0C2wLfAuYC7wL0AwEDBAMWAxkDHgAAAAAAAAIBAAAAAAAAACgAAAAAAAAAAAAAAAAAAAMg},
	Bdsk-Url-1 = {http://dx.doi.org/10.1016/0749-6419(93)90024-K}}

@article{belytschko2001computability,
	Author = {Belytschko, T. and Mish, K.},
	Date-Added = {2012-01-10 18:58:47 +0000},
	Date-Modified = {2012-01-10 18:59:12 +0000},
	Doi = {10.1002/nme.270},
	Journal = {International Journal for Numerical Methods in Engineering},
	Number = {1-2},
	Pages = {3--21},
	Publisher = {Wiley Online Library},
	Title = {Computability in non-linear solid mechanics},
	Volume = {52},
	Year = {2001},
	Bdsk-File-1 = {YnBsaXN0MDDUAQIDBAUGJCVYJHZlcnNpb25YJG9iamVjdHNZJGFyY2hpdmVyVCR0b3ASAAGGoKgHCBMUFRYaIVUkbnVsbNMJCgsMDxJXTlMua2V5c1pOUy5vYmplY3RzViRjbGFzc6INDoACgAOiEBGABIAFgAdccmVsYXRpdmVQYXRoWWFsaWFzRGF0YV8QNi4uLy4uL1JlZmVyZW5jZS9QYXBlcnMvQnlBdXRob3IvQmVseXRzY2hrby8yNzBfZnRwLnBkZtIXCxgZV05TLmRhdGFPEQHSAAAAAAHSAAIAAAxNYWNpbnRvc2ggSEQAAAAAAAAAAAAAAAAAAADMbdd6SCsAAAAVhzILMjcwX2Z0cC5wZGYAAAAAAAAAAAAAAAAAAAAAAAAAAAAAAAAAAAAAAAAAAAAAAAAAAAAAAAAAAAAAAAAAAAAAABWHNMsx5qoAAAAAAAAAAAACAAUAAAkgAAAAAAAAAAAAAAAAAAAACkJlbHl0c2Noa28AEAAIAADMbh3KAAAAEQAIAADLMjsKAAAAAQAcABWHMgAVhyMAFYchABRuTwAFwkwABcJLAAIDpQACAFtNYWNpbnRvc2ggSEQ6VXNlcnM6AGZlczc4ODoARG9jdW1lbnRzOgBSZWZlcmVuY2U6AFBhcGVyczoAQnlBdXRob3I6AEJlbHl0c2Noa286ADI3MF9mdHAucGRmAAAOABgACwAyADcAMABfAGYAdABwAC4AcABkAGYADwAaAAwATQBhAGMAaQBuAHQAbwBzAGgAIABIAEQAEgBHVXNlcnMvZmVzNzg4L0RvY3VtZW50cy9SZWZlcmVuY2UvUGFwZXJzL0J5QXV0aG9yL0JlbHl0c2Noa28vMjcwX2Z0cC5wZGYAABMAAS8AABUAAgAN//8AAIAG0hscHR5aJGNsYXNzbmFtZVgkY2xhc3Nlc11OU011dGFibGVEYXRhox0fIFZOU0RhdGFYTlNPYmplY3TSGxwiI1xOU0RpY3Rpb25hcnmiIiBfEA9OU0tleWVkQXJjaGl2ZXLRJidUcm9vdIABAAgAEQAaACMALQAyADcAQABGAE0AVQBgAGcAagBsAG4AcQBzAHUAdwCEAI4AxwDMANQCqgKsArECvALFAtMC1wLeAucC7AL5AvwDDgMRAxYAAAAAAAACAQAAAAAAAAAoAAAAAAAAAAAAAAAAAAADGA==},
	Bdsk-Url-1 = {http://dx.doi.org/10.1002/nme.270}}

@article{xu2009generalized,
	Author = {Xu, X.F.},
	Date-Added = {2012-01-10 18:49:03 +0000},
	Date-Modified = {2012-01-10 18:49:40 +0000},
	Doi = {10.1061/(ASCE)EM.1943-7889.0000037},
	Journal = {Journal of Engineering Mechanics},
	Pages = {1180},
	Title = {Generalized variational principles for uncertainty quantification of boundary value problems of random heterogeneous materials},
	Volume = {135},
	Year = {2009},
	Bdsk-File-1 = {YnBsaXN0MDDUAQIDBAUGJCVYJHZlcnNpb25YJG9iamVjdHNZJGFyY2hpdmVyVCR0b3ASAAGGoKgHCBMUFRYaIVUkbnVsbNMJCgsMDxJXTlMua2V5c1pOUy5vYmplY3RzViRjbGFzc6INDoACgAOiEBGABIAFgAdccmVsYXRpdmVQYXRoWWFsaWFzRGF0YV8QMS4uLy4uL1JlZmVyZW5jZS9QYXBlcnMvQnlTdWJqZWN0L1VRL1FFTTAwMTE4MC5wZGbSFwsYGVdOUy5kYXRhTxEBwgAAAAABwgACAAAMTWFjaW50b3NoIEhEAAAAAAAAAAAAAAAAAAAAzG3XekgrAAAAFYkyDVFFTTAwMTE4MC5wZGYAAAAAAAAAAAAAAAAAAAAAAAAAAAAAAAAAAAAAAAAAAAAAAAAAAAAAAAAAAAAAAAAAAAAViTPLMeQaAAAAAAAAAAAAAgAFAAAJIAAAAAAAAAAAAAAAAAAAAAJVUQAQAAgAAMxuHcoAAAARAAgAAMsyOHoAAAABABwAFYkyABWIagAVhyEAFG5PAAXCTAAFwksAAgOlAAIAVk1hY2ludG9zaCBIRDpVc2VyczoAZmVzNzg4OgBEb2N1bWVudHM6AFJlZmVyZW5jZToAUGFwZXJzOgBCeVN1YmplY3Q6AFVROgBRRU0wMDExODAucGRmAA4AHAANAFEARQBNADAAMAAxADEAOAAwAC4AcABkAGYADwAaAAwATQBhAGMAaQBuAHQAbwBzAGgAIABIAEQAEgBCVXNlcnMvZmVzNzg4L0RvY3VtZW50cy9SZWZlcmVuY2UvUGFwZXJzL0J5U3ViamVjdC9VUS9RRU0wMDExODAucGRmABMAAS8AABUAAgAN//8AAIAG0hscHR5aJGNsYXNzbmFtZVgkY2xhc3Nlc11OU011dGFibGVEYXRhox0fIFZOU0RhdGFYTlNPYmplY3TSGxwiI1xOU0RpY3Rpb25hcnmiIiBfEA9OU0tleWVkQXJjaGl2ZXLRJidUcm9vdIABAAgAEQAaACMALQAyADcAQABGAE0AVQBgAGcAagBsAG4AcQBzAHUAdwCEAI4AwgDHAM8ClQKXApwCpwKwAr4CwgLJAtIC1wLkAucC+QL8AwEAAAAAAAACAQAAAAAAAAAoAAAAAAAAAAAAAAAAAAADAw==},
	Bdsk-Url-1 = {http://dx.doi.org/10.1061/(ASCE)EM.1943-7889.0000037}}

@article{geers2010multi,
	Author = {Geers, M.G.D. and Kouznetsova, VG and Brekelmans, WAM},
	Date-Added = {2012-01-09 22:32:46 +0000},
	Date-Modified = {2012-01-09 22:36:46 +0000},
	Doi = {10.1016/j.cam.2009.08.077},
	Journal = {Journal of Computational and Applied Mathematics},
	Number = {7},
	Pages = {2175--2182},
	Publisher = {Elsevier},
	Title = {Multi-scale computational homogenization: Trends and challenges},
	Volume = {234},
	Year = {2010},
	Bdsk-File-1 = {YnBsaXN0MDDUAQIDBAUGJCVYJHZlcnNpb25YJG9iamVjdHNZJGFyY2hpdmVyVCR0b3ASAAGGoKgHCBMUFRYaIVUkbnVsbNMJCgsMDxJXTlMua2V5c1pOUy5vYmplY3RzViRjbGFzc6INDoACgAOiEBGABIAFgAdccmVsYXRpdmVQYXRoWWFsaWFzRGF0YV8QVS4uLy4uL1JlZmVyZW5jZS9QYXBlcnMvQnlTdWJqZWN0L0hvbW9nZW5pemF0aW9uL0dlZXJzX0tvdXpuZXRzb3ZhX0JyZWtlbG1hbnNfMjAxMC5wZGbSFwsYGVdOUy5kYXRhTxECQAAAAAACQAACAAAMTWFjaW50b3NoIEhEAAAAAAAAAAAAAAAAAAAAzG3XekgrAAAAFYjmH0dlZXJzX0tvdXpuZXRzb3ZhX0JyIzE1ODhFNy5wZGYAAAAAAAAAAAAAAAAAAAAAAAAAAAAAAAAAAAAAAAAAAAAViOfLLTLkAAAAAAAAAAAAAgAFAAAJIAAAAAAAAAAAAAAAAAAAAA5Ib21vZ2VuaXphdGlvbgAQAAgAAMxuHcoAAAARAAgAAMsth0QAAAABABwAFYjmABWIagAVhyEAFG5PAAXCTAAFwksAAgOlAAIAdE1hY2ludG9zaCBIRDpVc2VyczoAZmVzNzg4OgBEb2N1bWVudHM6AFJlZmVyZW5jZToAUGFwZXJzOgBCeVN1YmplY3Q6AEhvbW9nZW5pemF0aW9uOgBHZWVyc19Lb3V6bmV0c292YV9CciMxNTg4RTcucGRmAA4ATAAlAEcAZQBlAHIAcwBfAEsAbwB1AHoAbgBlAHQAcwBvAHYAYQBfAEIAcgBlAGsAZQBsAG0AYQBuAHMAXwAyADAAMQAwAC4AcABkAGYADwAaAAwATQBhAGMAaQBuAHQAbwBzAGgAIABIAEQAEgBmVXNlcnMvZmVzNzg4L0RvY3VtZW50cy9SZWZlcmVuY2UvUGFwZXJzL0J5U3ViamVjdC9Ib21vZ2VuaXphdGlvbi9HZWVyc19Lb3V6bmV0c292YV9CcmVrZWxtYW5zXzIwMTAucGRmABMAAS8AABUAAgAN//8AAIAG0hscHR5aJGNsYXNzbmFtZVgkY2xhc3Nlc11OU011dGFibGVEYXRhox0fIFZOU0RhdGFYTlNPYmplY3TSGxwiI1xOU0RpY3Rpb25hcnmiIiBfEA9OU0tleWVkQXJjaGl2ZXLRJidUcm9vdIABAAgAEQAaACMALQAyADcAQABGAE0AVQBgAGcAagBsAG4AcQBzAHUAdwCEAI4A5gDrAPMDNwM5Az4DSQNSA2ADZANrA3QDeQOGA4kDmwOeA6MAAAAAAAACAQAAAAAAAAAoAAAAAAAAAAAAAAAAAAADpQ==},
	Bdsk-Url-1 = {http://dx.doi.org/10.1016/j.cam.2009.08.077}}

@article{Belytschko19941,
	Author = {Ted Belytschko and Huai-Yang Chiang and Edward Plaskacz},
	Date-Added = {2012-01-06 22:38:45 +0000},
	Date-Modified = {2012-01-10 17:10:47 +0000},
	Doi = {10.1016/0045-7825(94)00073-5},
	Issn = {0045-7825},
	Journal = {Computer Methods in Applied Mechanics and Engineering},
	Number = {1-2},
	Pages = {1 - 15},
	Title = {High resolution two-dimensional shear band computations: imperfections and mesh dependence},
	Volume = {119},
	Year = {1994},
	Bdsk-Url-1 = {http://dx.doi.org/10.1016/0045-7825(94)00073-5}}

@article{weckner2011,
	Author = {Weckner, O. and Silling, S.A.},
	Date-Added = {2012-01-06 19:50:09 +0000},
	Date-Modified = {2012-01-06 19:52:03 +0000},
	Doi = {10.1615/IntJMultCompEng.2011002688},
	Journal = {International Journal of Multiscale Computational Engineering},
	Number = {6},
	Pages = {623--634},
	Title = {Determination of nonlocal constitutive equations phonon dispersion relations},
	Volume = {9},
	Year = {2011},
	Bdsk-Url-1 = {http://dx.doi.org/10.1615/IntJMultCompEng.2011002688}}

@article{kimberly2011,
	Author = {Kimberly, J. and Ramesh, K.T.},
	Date-Added = {2011-12-16 15:54:03 +0000},
	Date-Modified = {2011-12-16 16:02:58 +0000},
	Doi = {10.1111/j.1945-5100.2011.01254.x},
	Issn = {1945-5100},
	Journal = {{Meteoritics \& Planetary Science}},
	Number = {11},
	Pages = {1653--1669},
	Publisher = {Blackwell Publishing Ltd},
	Title = {The dynamic strength of an ordinary chondrite},
	Volume = {46},
	Year = {2011},
	Bdsk-Url-1 = {http://dx.doi.org/10.1111/j.1945-5100.2011.01254.x}}

@article{Li1999,
	Author = {Zhouhua Li and John Lambros},
	Date-Added = {2011-12-16 15:40:38 +0000},
	Date-Modified = {2011-12-16 15:42:55 +0000},
	Doi = {10.1016/S0266-3538(98)00152-3},
	Journal = {Composites Science and Technology},
	Keywords = {Dispersion},
	Number = {7},
	Pages = {1097 - 1107},
	Title = {Determination of the dynamic response of brittle composites by the use of the split Hopkinson pressure bar},
	Volume = {59},
	Year = {1999},
	Bdsk-Url-1 = {http://dx.doi.org/10.1016/S0266-3538(98)00152-3}}

@article{pan2005upper,
	Author = {Pan, Y. and Chen, W. and Song, B.},
	Date-Added = {2011-09-22 20:51:12 +0000},
	Date-Modified = {2011-09-22 20:51:12 +0000},
	Journal = {Experimental Mechanics},
	Number = {5},
	Pages = {440--446},
	Publisher = {Springer},
	Title = {Upper limit of constant strain rates in a split Hopkinson pressure bar experiment with elastic specimens},
	Volume = {45},
	Year = {2005}}

@book{chen2010split,
	Author = {Chen, W. and Song, B.},
	Date-Added = {2011-09-22 20:46:49 +0000},
	Date-Modified = {2011-09-22 20:46:49 +0000},
	Publisher = {Springer Verlag},
	Title = {Split Hopkinson (Kolsky) Bar: Design, Testing and Applications},
	Year = {2010}}

@article{pruess2004tough,
	Author = {Pruess, K.},
	Date-Added = {2011-09-21 22:27:11 +0000},
	Date-Modified = {2011-09-22 13:56:02 +0000},
	Journal = {Vadose Zone Journal},
	Number = {3},
	Pages = {738},
	Publisher = {Soil Sci Soc America},
	Title = {{The TOUGH Codes--A Family of Simulation Tools for Multiphase Flow and Transport Processes in Permeable Media}},
	Volume = {3},
	Year = {2004}}

@article{gerstle2009peridynamic,
	Author = {Gerstle, W. and Sau, N. and Sakhavand, N.},
	Date-Added = {2011-09-20 20:57:31 +0000},
	Date-Modified = {2011-09-21 03:17:45 +0000},
	Journal = {ACI Special Publication},
	Title = {On peridynamic computational simulation of concrete structures},
	Volume = {65},
	Year = {2009}}

@article{gerstle2007peridynamic,
	Author = {Gerstle, W. and Sau, N. and Silling, S.},
	Date-Added = {2011-09-20 20:56:56 +0000},
	Date-Modified = {2011-09-20 20:56:56 +0000},
	Journal = {Nuclear engineering and design},
	Number = {12-13},
	Pages = {1250--1258},
	Publisher = {Elsevier},
	Title = {Peridynamic modeling of concrete structures},
	Volume = {237},
	Year = {2007}}

@article{bazant1997scaling,
	Author = {{Ba\^zant}, Z.P. and Chen, E.P.},
	Date-Added = {2011-09-20 19:45:32 +0000},
	Date-Modified = {2011-09-20 20:36:24 +0000},
	Journal = {Applied Mechanics Reviews},
	Pages = {593--627},
	Publisher = {AMERICAN SOCIETY OF MECHANICAL ENGINEERS},
	Title = {Scaling of structural failure},
	Volume = {50},
	Year = {1997}}

@article{bazant1984size,
	Author = {{Ba\^zant}, Z.P.},
	Date-Added = {2011-09-20 19:45:19 +0000},
	Date-Modified = {2011-09-20 20:36:45 +0000},
	Journal = {Journal of Engineering Mechanics},
	Number = {4},
	Pages = {518--535},
	Title = {Size effect in blunt fracture: concrete, rock, metal},
	Volume = {110},
	Year = {1984}}

@article{palmer1990abnormally,
	Author = {Palmer, I. and Veatch Jr, R.},
	Date-Added = {2011-09-20 19:27:00 +0000},
	Date-Modified = {2011-09-20 19:27:00 +0000},
	Journal = {SPE Production Engineering},
	Number = {3},
	Pages = {315--323},
	Publisher = {Society of Petroleum Engineers},
	Title = {Abnormally high fracturing pressures in step-rate tests},
	Volume = {5},
	Year = {1990}}

@article{medlin1988abnormal,
	Author = {Medlin, W.L. and Fitch, J.L.},
	Date-Added = {2011-09-20 19:26:08 +0000},
	Date-Modified = {2011-09-20 20:37:08 +0000},
	Journal = {Journal of Petroleum Technology},
	Number = {5},
	Pages = {633--642},
	Publisher = {Society of Petroleum Engineers},
	Title = {Abnormal treating pressures in massive hydraulic fracturing treatments},
	Volume = {40},
	Year = {1988}}

@unpublished{olsson1996,
	Author = {B. Olsson and D. Mosher},
	Date-Added = {2011-09-15 15:50:48 +0000},
	Date-Modified = {2011-09-15 15:58:59 +0000},
	Month = {November},
	Note = {Internal communication, Sandia National Laboratories, Albuqerque, NM},
	Title = {{Unpublished notes sent to M.J. Forrestal}},
	Year = {1996}}

@article{ravichandran1994critical,
	Author = {Ravichandran, G. and Subhash, G.},
	Date-Added = {2011-09-09 16:43:17 +0000},
	Date-Modified = {2011-09-09 16:43:17 +0000},
	Journal = {Journal of the American Ceramic Society},
	Number = {1},
	Pages = {263--267},
	Publisher = {Wiley Online Library},
	Title = {Critical appraisal of limiting strain rates for compression testing of ceramics in a split Hopkinson pressure bar},
	Volume = {77},
	Year = {1994}}

@techreport{foster2008SANDPredictive,
	Author = {J.T. Foster and A.E. Fortier and J.G. Averett and J.D. Cargile and V.K. Luk and D.A. Dederman},
	Date-Added = {2011-08-23 19:37:48 +0000},
	Date-Modified = {2011-08-23 19:39:50 +0000},
	Institution = {Sandia National Laboratories},
	Number = {SAND2008-113},
	Title = {{Predictive Simulation for Perforation Through Layers of Unreinforced Concrete Targets}},
	Year = {2008}}

@techreport{foster2008SANDAoO,
	Author = {J.T. Foster and A.J. Webb and A.E. Fortier and V.K. Luk and D.A. Dederman.},
	Date-Added = {2011-08-23 19:35:09 +0000},
	Date-Modified = {2012-06-12 01:03:57 +0000},
	Institution = {Sandia National Laboratories},
	Number = {SAND2008-1162},
	Title = {{Penetration Code Study for Angle-of-Obliquity (AoO) Experiments into High-Strength Concrete Targets}},
	Year = {2008}}

@techreport{coleman2007,
	Author = {P.D. Coleman and R.A. Bates and M.T. Buttram and S.B. Dron and J.T. Foster and R.J. Franco and C.O. Landron and G.M. Loubriel and J.E. Lucero and A. Mar and T.L. Martinez and F.E. Reyes and B.J. Welch.},
	Date-Added = {2011-08-23 19:31:59 +0000},
	Date-Modified = {2011-08-23 19:34:40 +0000},
	Institution = {Sandia National Laboratories},
	Number = {SAND2007-6528},
	Title = {{Void Sensor for Penetrators}},
	Year = {2007}}

@techreport{fogler2007,
	Author = {R.J. Fogler and J.W. Giron and J.A. Jacob and W.P. Wolfe and R.W. Greene and R.D. Tucker and A.E. Fortier and J.T. Foster and D.M. Van Zuiden and W.T. {O'Rourke} and H.D. Nguyen and E. Ollila and J.R. Phelan.},
	Date-Added = {2011-08-23 19:28:03 +0000},
	Date-Modified = {2011-08-23 19:30:45 +0000},
	Institution = {Sandia National Laboratories},
	Number = {SAND2007-6528},
	Title = {Guided Miniature Air-Deliverable Sensor Dart},
	Year = {2007}}

@techreport{foster2007SANDAoA,
	Author = {J.T. Foster and A.J. Webb},
	Date-Added = {2011-08-23 19:26:18 +0000},
	Date-Modified = {2011-08-23 19:27:12 +0000},
	Institution = {Sandia National Laboratories},
	Title = {{Penetration Simulations for Angle-of-Attack (AoA) Experiments into Low Strength Concrete Targets}},
	Type = {SAND2007-5256},
	Year = {2007}}

@techreport{dykes2007,
	Author = {J.A. Dykes and J.T. Foster},
	Date-Added = {2011-08-23 19:24:47 +0000},
	Date-Modified = {2011-09-06 00:09:46 +0000},
	Institution = {Sandia National Laboratories},
	Number = {SAND2007-4273},
	Title = {{Discrete-ULL 1-C Final Test Report}},
	Year = {2007}}

@techreport{foster2006SAND,
	Author = {J.T. Foster},
	Date-Added = {2011-08-23 19:22:51 +0000},
	Date-Modified = {2011-08-23 19:23:51 +0000},
	Institution = {Sandia National Laboratories},
	Number = {SAND2006-4273},
	Title = {{Scale Modeling of Earth Penetrators for In Situ Targets}},
	Year = {2006}}

@inproceedings{foster2005,
	Author = {J.T. Foster and A.A. Barhorst and C.N. Wong and M.T. Bement},
	Booktitle = {Proceedings of IDETC'05},
	Date-Added = {2011-08-23 19:19:16 +0000},
	Date-Modified = {2011-08-23 19:27:47 +0000},
	Number = {DETC2005-85465},
	Organization = {IDETC},
	Title = {{Modeling and Experimental Verification of Frictional Contact-Impact in Loose Bolted Joint Elastic Structures}},
	Year = {2005}}

@inproceedings{averett2006,
	Author = {J.G. Averett and J.D. Cargile and J.T. Foster and V.K. Luk},
	Booktitle = {Limited Proceedings of 76th Shock and Vibration Conference},
	Date-Added = {2011-08-23 19:17:06 +0000},
	Date-Modified = {2011-08-23 19:18:23 +0000},
	Number = {U-045},
	Organization = {SAVIAC},
	Title = {{Projectile Deceleration Due to Perforation Through Layers of Unreinforced Concrete Targets}},
	Year = {2006}}

@inproceedings{averett2007,
	Author = {J.G. Averett and J.D. Cargile and J.T. Foster and V.K. Luk},
	Booktitle = {Limited Proceedings of 77th Shock and Vibration Conference},
	Date-Added = {2011-08-23 19:14:53 +0000},
	Date-Modified = {2011-08-23 19:16:10 +0000},
	Title = {{Oblique Perforation of Unreinforced Concrete Targets: Experiments and Numerical Simulations.}},
	Year = {2007}}

@inproceedings{dederman2008,
	Author = {D.A. Dederman and D. Burnett and J.T. Foster and J.A. Dykes},
	Booktitle = {Proceedings of 24th International Symposium on Ballistics},
	Date-Added = {2011-08-23 19:11:45 +0000},
	Date-Modified = {2011-08-23 19:13:49 +0000},
	Number = {TB149},
	Title = {{In Situ Penetration Testing of Darts with 16-Inch Mobile Gas Gun}},
	Year = {2008}}

@inproceedings{foster2008dynamic,
	Author = {Foster, J.T. and Luk, V.K. and Chen, W.},
	Booktitle = {Proceedings of the XIth International Congress and Exposition. Orlando, Florida Society for Experimental Mechanics Inc},
	Date-Added = {2011-08-23 19:04:47 +0000},
	Date-Modified = {2011-08-23 19:04:47 +0000},
	Title = {Dynamic initiation fracture toughness of high strength steel alloys},
	Volume = {77},
	Year = {2008}}

@inproceedings{foster2009stateSEM,
	Author = {Foster, J.T. and Silling, S.A. and Chen, W.W.},
	Booktitle = {SEM 2009 Conference on Experimental and Applied Mechanics},
	Date-Added = {2011-08-23 19:00:49 +0000},
	Date-Modified = {2011-08-23 19:02:07 +0000},
	Number = {33},
	Organization = {SEM},
	Title = {State based peridynamic modeling of dynamic fracture},
	Year = {2009}}

@inproceedings{foster2009state,
	Author = {Foster, J.T. and Silling, S.A. and Chen, W.W.},
	Booktitle = {DYMAT 2009-9th International Conference on the Mechanical and Physical Behaviour of Materials under Dynamic Loading},
	Date-Added = {2011-08-23 18:59:30 +0000},
	Date-Modified = {2011-09-27 02:55:56 +0000},
	Doi = {10.1051/dymat/2009216},
	Pages = {1529--1535},
	Title = {State based peridynamic modeling of dynamic fracture},
	Volume = {2},
	Year = {2009},
	Bdsk-Url-1 = {http://dx.doi.org/10.1051/dymat/2009216}}

@inproceedings{foster2009dynamic,
	Author = {Foster, J.T. and Chen, W. and Luk, V.K.},
	Booktitle = {DYMAT 2009-9th International Conference on the Mechanical and Physical Behaviour of Materials under Dynamic Loading},
	Date-Added = {2011-08-23 18:57:00 +0000},
	Date-Modified = {2011-11-14 22:01:59 +0000},
	Doi = {10.1051/dymat/2009058},
	Pages = {407--412},
	Title = {Dynamic fracture initiation toughness of high strength steel alloys},
	Volume = {1},
	Year = {2009},
	Bdsk-Url-1 = {http://dx.doi.org/10.1051/dymat/2009058}}

@article{foster2011shock,
	Author = {Foster, J.T. and Frew, D.J. and Forrestal, M.J. and Nishida, E.E. and Chen, W.},
	Date-Added = {2011-08-23 18:56:12 +0000},
	Date-Modified = {2013-01-29 15:54:19 +0000},
	Doi = {10.1007/978-1-4614-0222-0_29},
	Journal = {Experimental and Applied Mechanics, Volume 6},
	Pages = {229--237},
	Publisher = {Springer},
	Title = {{Shock testing accelerometers with a Hopkinson pressure bar}},
	Year = {2011},
	Bdsk-Url-1 = {http://dx.doi.org/10.1007/978-1-4614-0222-0_29}}

@article{foster2011ConstantStrainRate,
	Author = {J.T. Foster},
	Date-Added = {2011-08-23 18:50:30 +0000},
	Date-Modified = {2012-11-10 23:37:31 +0000},
	Doi = {10.1007/s11340-012-9592-6},
	Journal = {Experimental Mechanics},
	Number = {9},
	Pages = {1559-1563},
	Title = {{Comments on the validity of test conditions in Kolsky bar experiments of elastic-brittle materials}},
	Volume = {52},
	Year = {2012},
	Bdsk-Url-1 = {http://dx.doi.org/10.1007/s11340-012-9592-6}}

@article{foster2011shocktesting,
	Author = {J.T. Foster and D.J. Frew and M.J. Forrestal and E.E. Nishida and W. Chen},
	Date-Added = {2011-08-23 18:47:37 +0000},
	Date-Modified = {2012-03-10 23:12:56 +0000},
	Doi = {10.1016/j.ijimpeng.2012.02.006},
	Journal = {International Journal of Impact Engineering},
	Month = {August},
	Pages = {56--61},
	Title = {{Shock testing accelerometers with a Hopkinson pressure bar}},
	Volume = {46},
	Year = {2012},
	Bdsk-Url-1 = {http://dx.doi.org/10.1016/j.ijimpeng.2012.02.006}}

@article{foster2011dcit,
	Author = {J.T. Foster and W. Chen and V.K. Luk},
	Date-Added = {2011-08-23 16:55:58 +0000},
	Date-Modified = {2011-09-06 02:00:35 +0000},
	Doi = {10.1016/j.engfracmech.2011.02.019},
	Issn = {0013-7944},
	Journal = {Engineering Fracture Mechanics},
	Keywords = {4340 Steel},
	Number = {6},
	Pages = {1264 - 1276},
	Title = {Dynamic crack initiation toughness of 4340 steel at constant loading rates},
	Volume = {78},
	Year = {2011},
	Bdsk-Url-1 = {http://dx.doi.org/10.1016/j.engfracmech.2011.02.019}}

@article{foster2009boltedjoint,
	Author = {Foster, J.T. and Barhorst, A.A. and Wong, C.N. and Bement, M.T.},
	Date-Added = {2011-08-23 16:52:00 +0000},
	Date-Modified = {2011-09-27 02:54:07 +0000},
	Doi = {10.1177/1077546307082908},
	Journal = {Journal of Vibration and Control},
	Number = {4},
	Pages = {549--565},
	Publisher = {SAGE Publications},
	Title = {{Modeling Loose Joints in Elastic Structures--Experimental Results and Validation}},
	Volume = {15},
	Year = {2009},
	Bdsk-Url-1 = {http://dx.doi.org/10.1177/1077546307082908}}

@article{rusk2002bayesian,
	Author = {Rusk, D.T. and Lin, K.Y. and Swartz, D.D. and Ridgeway, G.K.},
	Date-Added = {2011-08-22 21:51:11 +0000},
	Date-Modified = {2011-08-22 21:51:11 +0000},
	Journal = {Journal of Aircraft},
	Number = {4},
	Pages = {689--696},
	Publisher = {AMERICAN INST OF AERONAUTICS AND ASTRONAUTICS},
	Title = {Bayesian updating of damage size probabilities for aircraft structural life-cycle management},
	Volume = {39},
	Year = {2002}}

@article{brannon2009kayenta,
	Author = {Brannon, R.M. and Fossum, A.F. and Strack, O.E.},
	Date-Added = {2011-08-22 13:35:09 -0500},
	Date-Modified = {2011-08-22 13:35:09 -0500},
	Journal = {Sandia National Laboratories, Albuquerque, NM},
	Title = {Kayenta: Theory and User's Guide},
	Year = {2009}}

@unpublished{silling:geo,
	Author = {S.A. Silling},
	Date-Added = {2011-08-22 13:32:01 -0500},
	Date-Modified = {2011-08-22 13:37:16 -0500},
	Note = {Unpublished slides},
	Title = {{Verification of KAYENTA implementation in Emu}},
	Year = {2010}}

@unpublished{bishop2009stat,
	Author = {J.E. Bishop and S.A. Silling},
	Date-Added = {2011-08-22 13:30:02 -0500},
	Date-Modified = {2011-08-22 13:36:26 -0500},
	Note = {Unpublished project summary presentation},
	Title = {{Statistical modeling of Orica Brazilian tests}},
	Year = {2009}}

@article{lammi2011mesoscale,
	Author = {Lammi, C. and Littlewood, D. and Vogler, T.},
	Date-Added = {2011-08-22 13:26:01 -0500},
	Date-Modified = {2011-08-22 13:26:01 -0500},
	Journal = {Bulletin of the American Physical Society},
	Publisher = {APS},
	Title = {Mesoscale Simulations of Granular Materials with Peridynamics},
	Volume = {56},
	Year = {2011}}

@article{terpsma2012pen,
	Author = {R.J. Terpsma and J.T. Foster},
	Date-Added = {2011-08-22 13:23:33 -0500},
	Date-Modified = {2012-06-12 00:46:00 +0000},
	Journal = {International Journal of Impact Engineering},
	Title = {{Peridynamic simulations of 4340 projectiles perforating 6061-T6 aluminum targets}},
	Volume = {In preparation},
	Year = {2012}}

@article{foster2011ebfc,
	Author = {Foster, J.T. and Silling, S.A. and Chen, W.},
	Date-Added = {2011-08-22 13:21:50 -0500},
	Date-Modified = {2012-03-09 16:07:43 +0000},
	Doi = {10.1615/IntJMultCompEng.2011002407},
	Journal = {International Journal of Multiscale Computational Engineering},
	Number = {6},
	Pages = {675--688},
	Title = {An energy based failure criterion for use with peridynamic states},
	Volume = {9},
	Year = {2011},
	Bdsk-Url-1 = {http://dx.doi.org/10.1615/IntJMultCompEng.2011002407}}

@article{silling:2010linear,
	Affiliation = {Sandia National Laboratories Multiscale Dynamic Material Modeling Department Albuquerque NM 87185-1322 USA},
	Author = {Silling, S.},
	Date-Added = {2011-08-22 13:19:14 -0500},
	Date-Modified = {2012-01-10 17:58:07 +0000},
	Doi = {10.1007/s10659-009-9234-0},
	Issn = {0374-3535},
	Issue = {1},
	Journal = {Journal of Elasticity},
	Keyword = {Engineering},
	Pages = {85-111},
	Publisher = {Springer Netherlands},
	Title = {Linearized Theory of Peridynamic States},
	Volume = {99},
	Year = {2010},
	Bdsk-Url-1 = {http://dx.doi.org/10.1007/s10659-009-9234-0}}

@article{mitchell2013,
	Author = {Mitchell, J.A. and Foster, J.T.},
	Date-Added = {2011-08-22 13:15:07 -0500},
	Date-Modified = {2013-06-06 15:19:26 +0000},
	Journal = {{International Journal of Plasticity}},
	Title = {{A nonlocal, ordinary, state-based plasticity model for peridynamics.}},
	Volume = {In preparation},
	Year = {2013}}

@article{silling2010peridynamic,
	Author = {Silling, S.A. and Lehoucq, R.B.},
	Date-Added = {2011-08-22 13:10:37 -0500},
	Date-Modified = {2012-01-10 18:03:01 +0000},
	Doi = {10.1016/S0065-2156(10)44002-8},
	Journal = {Advances in Applied Mechanics},
	Pages = {73--168},
	Publisher = {Elsevier},
	Title = {Peridynamic theory of solid mechanics},
	Volume = {44},
	Year = {2010},
	Bdsk-Url-1 = {http://dx.doi.org/10.1016/S0065-2156(10)44002-8}}

@article{zhang2000model,
	Author = {Zhang, R. and Mahadevan, S.},
	Date-Added = {2011-08-22 13:08:20 -0500},
	Date-Modified = {2011-08-22 13:08:20 -0500},
	Journal = {Structural Safety},
	Number = {2},
	Pages = {145--160},
	Publisher = {Elsevier},
	Title = {Model uncertainty and Bayesian updating in reliability-based inspection},
	Volume = {22},
	Year = {2000}}

@article{o2006bayesian,
	Author = {O'Hagan, A.},
	Date-Added = {2011-08-22 13:06:49 -0500},
	Date-Modified = {2011-08-22 13:06:49 -0500},
	Journal = {Reliability Engineering \& System Safety},
	Number = {10-11},
	Pages = {1290--1300},
	Publisher = {Elsevier},
	Title = {Bayesian analysis of computer code outputs: A tutorial},
	Volume = {91},
	Year = {2006}}

@book{berger1985statistical,
	Author = {Berger, J.O.},
	Date-Added = {2011-08-22 13:06:10 -0500},
	Date-Modified = {2011-08-22 13:06:10 -0500},
	Publisher = {Springer},
	Title = {Statistical decision theory and Bayesian analysis},
	Year = {1985}}

@article{millwater2009psfcrv,
	Author = {H.R. Millwater and A. Bates and E. Vazquez},
	Date-Added = {2011-08-22 13:02:07 -0500},
	Date-Modified = {2011-08-22 13:05:24 -0500},
	Journal = {{Technometrics}},
	Title = {{Probabilistic sensitivities for correlated random variables}},
	Volume = {(submitted)},
	Year = {2009}}

@article{millwater2009universal,
	Author = {Millwater, H.},
	Date-Added = {2011-08-22 13:00:16 -0500},
	Date-Modified = {2011-08-22 13:00:16 -0500},
	Journal = {Probabilistic Engineering Mechanics},
	Number = {1},
	Pages = {89--99},
	Publisher = {Elsevier},
	Title = {Universal properties of kernel functions for probabilistic sensitivity analysis},
	Volume = {24},
	Year = {2009}}

@book{saltelli2004sensitivity,
	Author = {Saltelli, A.},
	Date-Added = {2011-08-22 12:57:25 -0500},
	Date-Modified = {2011-08-22 12:57:25 -0500},
	Publisher = {John Wiley \& Sons Inc},
	Title = {Sensitivity analysis in practice: a guide to assessing scientific models},
	Year = {2004}}

@article{kumasaka2008high,
	Author = {Kumasaka, N. and Shibata, R.},
	Date-Added = {2011-08-22 12:56:23 -0500},
	Date-Modified = {2011-08-22 12:56:23 -0500},
	Journal = {Computational Statistics \& Data Analysis},
	Number = {7},
	Pages = {3616--3644},
	Publisher = {Elsevier},
	Title = {High-dimensional data visualisation: The textile plot},
	Volume = {52},
	Year = {2008}}

@article{theus2003interactive,
	Author = {Theus, M.},
	Date-Added = {2011-08-22 12:54:50 -0500},
	Date-Modified = {2011-08-22 12:54:50 -0500},
	Journal = {Journal of Statistical Software},
	Number = {11},
	Pages = {1--9},
	Title = {Interactive data visualization using mondrian},
	Volume = {7},
	Year = {2003}}

@article{xu2008uncertainty,
	Author = {Xu, C. and Gertner, G.Z.},
	Date-Added = {2011-08-22 12:53:57 -0500},
	Date-Modified = {2011-08-22 12:53:57 -0500},
	Journal = {Reliability Engineering \& System Safety},
	Number = {10},
	Pages = {1563--1573},
	Publisher = {Elsevier},
	Title = {Uncertainty and sensitivity analysis for models with correlated parameters},
	Volume = {93},
	Year = {2008}}

@article{helton2006survey,
	Author = {Helton, J.C. and Johnson, J.D. and Sallaberry, CJ and Storlie, C.B.},
	Date-Added = {2011-08-22 12:53:12 -0500},
	Date-Modified = {2011-08-22 12:53:12 -0500},
	Journal = {Reliability Engineering \& System Safety},
	Number = {10-11},
	Pages = {1175--1209},
	Publisher = {Elsevier},
	Title = {Survey of sampling-based methods for uncertainty and sensitivity analysis},
	Volume = {91},
	Year = {2006}}

@article{stein2004adaptive,
	Author = {Stein, E. and R{\"u}ter, M. and Ohnimus, S.},
	Date-Added = {2011-08-22 12:51:09 -0500},
	Date-Modified = {2011-08-22 12:58:57 -0500},
	Journal = {International Journal for Numerical Methods in Engineering},
	Number = {1},
	Pages = {103--138},
	Publisher = {Wiley Online Library},
	Title = {Adaptive finite element analysis and modelling of solids and structures. Findings, problems and trends},
	Volume = {60},
	Year = {2004}}

@article{oden2001goal,
	Author = {Oden, J.T. and Prudhomme, S.},
	Date-Added = {2011-08-22 12:50:33 -0500},
	Date-Modified = {2011-08-22 12:50:33 -0500},
	Journal = {Computers \& Mathematics with Applications},
	Number = {5-6},
	Pages = {735--756},
	Publisher = {Elsevier},
	Title = {Goal-oriented error estimation and adaptivity for the finite element method},
	Volume = {41},
	Year = {2001}}

@book{robert2004monte,
	Author = {Robert, C.P. and Casella, G.},
	Date-Added = {2011-08-22 12:49:53 -0500},
	Date-Modified = {2011-08-22 12:49:53 -0500},
	Publisher = {Springer Verlag},
	Title = {Monte Carlo statistical methods},
	Year = {2004}}

@book{rubenstein2007samc,
	Author = {R.Y. Rubinstein and D.P. Kroese},
	Date-Added = {2011-08-22 12:47:04 -0500},
	Date-Modified = {2011-08-22 12:48:24 -0500},
	Edition = {2nd},
	Month = {December},
	Publisher = {Wiley},
	Title = {{Simulation and the Monte Carlo Method}},
	Year = {2007}}

@article{mckay1979comparison,
	Author = {McKay, M.D. and Beckman, R.J. and Conover, WJ},
	Date-Added = {2011-08-22 12:43:16 -0500},
	Date-Modified = {2011-08-22 12:43:16 -0500},
	Journal = {Technometrics},
	Pages = {239--245},
	Publisher = {JSTOR},
	Title = {A comparison of three methods for selecting values of input variables in the analysis of output from a computer code},
	Year = {1979}}

@article{groeber2008framework,
	Author = {Groeber, M. and Ghosh, S. and Uchic, M.D. and Dimiduk, D.M.},
	Date-Added = {2011-08-22 12:40:34 -0500},
	Date-Modified = {2011-08-22 12:40:34 -0500},
	Journal = {Acta Materialia},
	Number = {6},
	Pages = {1257--1273},
	Publisher = {Elsevier},
	Title = {A framework for automated analysis and simulation of 3D polycrystalline microstructures.:: Part 1: Statistical characterization},
	Volume = {56},
	Year = {2008}}

@article{frew2001shpbr,
	Affiliation = {U.S. Army Engineer Research and Development Center Structures Laboratory, Waterways Experiment Station 39180-6199 Vicksburg MS 39180-6199 Vicksburg MS},
	Author = {Frew, D.J. and Forrestal, M.J. and Chen, W.},
	Date-Added = {2011-07-25 16:50:20 -0600},
	Date-Modified = {2012-02-29 23:20:42 +0000},
	Doi = {10.1007/BF02323102},
	Issn = {0014-4851},
	Issue = {1},
	Journal = {Experimental Mechanics},
	Keyword = {Engineering},
	Pages = {40-46},
	Publisher = {Springer Boston},
	Title = {{A split Hopkinson pressure bar technique to determine compressive stress-strain data for rock materials}},
	Volume = {41},
	Year = {2001},
	Bdsk-Url-1 = {http://dx.doi.org/10.1007/BF02323102}}

@article{foster2010vup,
	Author = {Foster, J.T. and Silling, S.A. and Chen, W.W.},
	Date-Added = {2011-03-04 12:50:34 -0700},
	Date-Modified = {2012-01-10 17:55:27 +0000},
	Doi = {10.1002/nme.2725},
	Issn = {1097-0207},
	Journal = {International Journal for Numerical Methods in Engineering},
	Keywords = {peridynamics, peridynamic states, plasticity, non-local theory, integral equations, continuum mechanics, Taylor impact},
	Number = {10},
	Pages = {1242--1258},
	Publisher = {John Wiley & Sons, Ltd.},
	Title = {Viscoplasticity using peridynamics},
	Volume = {81},
	Year = {2010},
	Bdsk-Url-1 = {http://dx.doi.org/10.1002/nme.2725}}

@article{silling2011coarse,
	Author = {S.A. Silling},
	Date-Added = {2011-02-21 10:15:32 -0700},
	Date-Modified = {2012-01-10 18:01:02 +0000},
	Doi = {10.1615/IntJMultCompEng.2011002674},
	Journal = {International Journal of Multiscale Computational Engineering},
	Number = {6},
	Pages = {609--622},
	Title = {A coarsening method for linear peridynamics},
	Volume = {9},
	Year = {2011},
	Bdsk-Url-1 = {http://dx.doi.org/10.1615/IntJMultCompEng.2011002674}}

@article{jiang:060802,
	Author = {Fengchun Jiang and Kenneth S. Vecchio},
	Date-Added = {2010-07-26 15:09:54 -0600},
	Date-Modified = {2010-07-26 15:10:57 -0600},
	Doi = {10.1115/1.3124647},
	Eid = {060802},
	Journal = {Applied Mechanics Reviews},
	Keywords = {bars; elasticity; fracture toughness; fracture toughness testing; strain gauges; stress effects},
	Number = {6},
	Numpages = {39},
	Pages = {1--39},
	Publisher = {ASME},
	Title = {{Hopkinson Bar Loaded Fracture Experimental Technique: A Critical Review of Dynamic Fracture Toughness Tests}},
	Url = {http://link.aip.org/link/?AMR/62/060802/1},
	Volume = {62},
	Year = {2009},
	Bdsk-Url-1 = {http://link.aip.org/link/?AMR/62/060802/1},
	Bdsk-Url-2 = {http://dx.doi.org/10.1115/1.3124647}}

@article{ha2010sod,
	Author = {Ha, Y.D. and Bobaru, F.},
	Date-Added = {2010-07-12 14:13:08 -0600},
	Date-Modified = {2010-07-12 14:17:41 -0600},
	Journal = {International Journal of Fracture},
	Number = {1--2},
	Pages = {229--224},
	Publisher = {Springer},
	Title = {{Studies of dynamic crack propagation and crack branching with peridynamics}},
	Volume = {162},
	Year = {2010}}

@techreport{pcb2010,
	Author = {{PCB Piezotronics, Inc}},
	Date-Added = {2010-06-23 15:13:41 -0600},
	Date-Modified = {2011-07-08 14:36:11 -0600},
	Institution = {PCB Piezotronics, Inc.},
	Title = {{PCB MEMs High-Amplitute Shock Accelerometer Model 3991}},
	Year = {2010},
	Bdsk-Url-1 = {http://www.pcb.com/Linked_Documents/Aerospace/AD_3991_ITAR_Lowres.pdf}}

@techreport{endevco2010,
	Author = {{Endevco}},
	Date-Added = {2010-06-23 15:06:06 -0600},
	Date-Modified = {2011-07-08 14:36:32 -0600},
	Institution = {Endevco},
	Title = {{Endevco Piezoresisitive Accelerometer Model 7270}},
	Year = {2010},
	Bdsk-Url-1 = {http://www.endevco.com/product/Product.aspx?product_id=352}}

@techreport{valpay1994,
	Address = {75 South Street, Hopkinton, MA 01748},
	Author = {{Valpay-Fisher Corportation}},
	Date-Added = {2010-06-23 11:15:42 -0600},
	Date-Modified = {2010-06-23 11:17:47 -0600},
	Institution = {Valpay-Fisher},
	Title = {{The User's Guide to Ultrasound Products}},
	Year = {1994}}

@techreport{vishay2007,
	Author = {{Vishay Micro-Measurements}},
	Date-Added = {2010-06-23 11:09:40 -0600},
	Date-Modified = {2010-06-23 11:14:52 -0600},
	Institution = {Vishay},
	Number = {TN-505-4},
	Title = {{Strain Gage Selection: Criteria, Procedures, Recommendations}},
	Year = {2007}}

@article{forrestal2003pea,
	Author = {Forrestal, MJ and Togami, TC and Baker, WE and Frew, DJ},
	Date-Added = {2010-06-23 10:55:51 -0600},
	Date-Modified = {2010-06-23 10:56:07 -0600},
	Journal = {Experimental Mechanics},
	Number = {1},
	Pages = {90--96},
	Publisher = {Springer},
	Title = {{Performance evaluation of accelerometers used for penetration experiments}},
	Volume = {43},
	Year = {2003}}

@article{togami1996shb,
	Author = {Togami, TC and Baker, WE and Forrestal, MJ},
	Date-Added = {2010-06-23 10:54:37 -0600},
	Date-Modified = {2010-06-23 11:28:34 -0600},
	Journal = {Journal of Applied Mechanics},
	Pages = {353--356},
	Title = {{A split Hopkinson bar technique to evaluate the performance of accelerometers}},
	Volume = {63},
	Year = {1996}}

@article{forrestal2003poc,
	Author = {Forrestal, MJ and Frew, DJ and Hickerson, JP and Rohwer, TA},
	Date-Added = {2010-06-23 10:47:33 -0600},
	Date-Modified = {2010-06-23 10:47:53 -0600},
	Journal = {International Journal of Impact Engineering},
	Number = {5},
	Pages = {479--497},
	Publisher = {Elsevier},
	Title = {{Penetration of concrete targets with deceleration-time measurements}},
	Volume = {28},
	Year = {2003}}

@article{frew2006eoc,
	Author = {Frew, DJ and Forrestal, MJ and Cargile, JD},
	Date-Added = {2010-06-23 10:46:23 -0600},
	Date-Modified = {2010-06-23 10:48:49 -0600},
	Journal = {International Journal of Impact Engineering},
	Number = {10},
	Pages = {1584--1594},
	Publisher = {Elsevier},
	Title = {{The effect of concrete target diameter on projectile deceleration and penetration depth}},
	Volume = {32},
	Year = {2006}}

@article{gray2000split,
	Author = {Gray, G.T. and Blumenthal, W.R.},
	Date-Added = {2010-05-12 13:56:24 -0600},
	Date-Modified = {2010-05-13 16:37:29 -0600},
	Journal = {Materials Park, OH: ASM International, 2000.},
	Pages = {488--496},
	Title = {{Split-Hopkinson Pressure Bar Testing of Soft Materials.}},
	Year = {2000}}

@article{duffy1971use,
	Author = {Duffy, J. and Campbell, J.D. and Hawley, R.H.},
	Date-Added = {2010-05-12 13:52:42 -0600},
	Date-Modified = {2010-05-13 16:37:10 -0600},
	Journal = {J. Appl. Mech.},
	Month = {March},
	Number = {1},
	Pages = {83-91},
	Title = {{On the use of a torsional split Hopkinson bar to study rate effects in 1100-O Aluminum}},
	Volume = {38},
	Year = {1971}}

@article{ramesh1996finite,
	Author = {Ramesh, KT and Narasimhan, S.},
	Date-Added = {2010-05-12 13:49:29 -0600},
	Date-Modified = {2010-05-12 13:49:47 -0600},
	Journal = {International Journal of Solids and Structures},
	Number = {25},
	Pages = {3723--3738},
	Title = {{Finite deformations and the dynamic measurement of radial strains in compression Kolsky bar experiments}},
	Volume = {33},
	Year = {1996}}

@article{nemat1991hopkinson,
	Author = {Nemat-Nasser, S. and Isaacs, J.B. and Starrett, J.E.},
	Date-Added = {2010-05-12 13:47:59 -0600},
	Date-Modified = {2010-05-12 13:47:59 -0600},
	Journal = {Proceedings: Mathematical and Physical Sciences},
	Number = {1894},
	Pages = {371--391},
	Publisher = {JSTOR},
	Title = {{Hopkinson techniques for dynamic recovery experiments}},
	Volume = {435},
	Year = {1991}}

@phdthesis{foster2009disser,
	Author = {Foster, J.T.},
	Date-Added = {2010-02-28 17:16:14 -0700},
	Date-Modified = {2010-02-28 17:17:16 -0700},
	School = {Purdue University},
	Title = {{Dynamic Crack Initiation Toughness: Experiments and Peridynamic Modeling}},
	Year = {2009}}

@article{campbell1982,
	Author = {Campbell, J.E.},
	Date-Added = {2010-01-03 23:04:25 -0700},
	Date-Modified = {2010-01-03 23:04:59 -0700},
	Journal = {J. E. Campbell,(ED.) et al., Metals Park, OH, American Society for Metals, 1982, 384},
	Pages = {72},
	Title = {{Application of fracture mechanics for selection of metallic structural materials}},
	Year = {1982}}

@article{klopp:aero,
	Author = {Klopp, WD},
	Date-Added = {2009-12-30 11:12:02 -0700},
	Date-Modified = {2009-12-30 11:16:15 -0700},
	Journal = {{Aerospace Structural Metals Handbook}},
	Pages = {1--8},
	Title = {Ferrous Alloys},
	Volume = {Code 1510},
	Year = {1988}}

@book{meyers1994dyn,
	Author = {Meyers, M.A.},
	Date-Added = {2009-08-12 16:34:29 -0600},
	Date-Modified = {2009-08-13 14:01:15 -0600},
	Publisher = {Wiley-Interscience},
	Title = {{Dynamic Behavior of Materials}},
	Year = {1994}}

@article{warren2000spt,
	Author = {Warren, T.L. and Tabbara, M.R.},
	Date-Added = {2009-08-06 13:39:40 -0600},
	Date-Modified = {2009-08-06 13:40:02 -0600},
	Journal = {International Journal of Solids and Structures},
	Number = {32},
	Pages = {4419--4435},
	Publisher = {Elsevier},
	Title = {{Simulations of the penetration of 6061-T6511 aluminum targets by spherical-nosed VAR 4340 steel projectiles}},
	Volume = {37},
	Year = {2000}}

@conference{hertel1992cth,
	Author = {Hertel Jr, E.S. and Bell, R.L. and Elrick, M.G. and Farnsworth, A.V. and Kerley, G.I. and McGlaun, J.M. and Petney, S.V. and Silling, S.A. and Taylor, P.A. and Yarrington, L.},
	Booktitle = {Conference: 19. international symposium on shock waves, Marseille (France), 26-30 Jul 1993},
	Date-Added = {2009-08-06 10:23:30 -0600},
	Date-Modified = {2009-08-06 15:38:45 -0600},
	Title = {{CTH: A software family for multi-dimensional shock physics analysis}},
	Year = {1992}}

@article{warren2008,
	Author = {Warren, T.L. and Silling, S.A. and Askari, A. and Weckner, O. and Epton, M.A. and Xu, J.},
	Date-Added = {2009-08-03 00:18:42 -0600},
	Date-Modified = {2009-08-03 00:19:00 -0600},
	Journal = {International Journal of Solids and Structures},
	Number = {5},
	Pages = {1186--1195},
	Publisher = {Elsevier},
	Title = {{A non-ordinary state-based peridynamic method to model solid material deformation and fracture}},
	Volume = {46},
	Year = {2009}}

@article{silling2005mmb,
	Author = {Silling, S.A. and Askari, E.},
	Date-Added = {2009-08-03 00:14:25 -0600},
	Date-Modified = {2012-08-09 20:21:31 +0000},
	Doi = {10.1016/j.compstruc.2004.11.026},
	Journal = {Computers and Structures},
	Number = {17-18},
	Pages = {1526--1535},
	Publisher = {Elsevier},
	Title = {{A meshfree method based on the peridynamic model of solid mechanics}},
	Volume = {83},
	Year = {2005},
	Bdsk-Url-1 = {http://dx.doi.org/10.1016/j.compstruc.2004.11.026}}

@article{sukumar2000extended,
	Author = {Sukumar, N. and Moes, N. and Moran, B. and Belytschko, T.},
	Date-Added = {2009-07-23 14:14:30 -0600},
	Date-Modified = {2009-07-23 14:14:30 -0600},
	Journal = {International Journal for Numerical Methods in Engineering},
	Number = {11},
	Publisher = {John Wiley \& Sons, Ltd. Chichester, UK},
	Title = {{Extended finite element method for three-dimensional crack modelling}},
	Volume = {48},
	Year = {2000}}

@article{moes2002extended,
	Author = {Moes, N. and Belytschko, T.},
	Date-Added = {2009-07-23 14:12:32 -0600},
	Date-Modified = {2009-07-23 14:12:32 -0600},
	Journal = {Engineering Fracture Mechanics},
	Number = {7},
	Pages = {813--833},
	Publisher = {Elsevier},
	Title = {{Extended finite element method for cohesive crack growth}},
	Volume = {69},
	Year = {2002}}

@article{foulk2000formulation,
	Author = {Foulk, J.W. and Allen, D.H. and Helms, K.L.E.},
	Date-Added = {2009-07-23 14:11:23 -0600},
	Date-Modified = {2012-08-09 20:22:22 +0000},
	Doi = {10.1016/S0045-7825(99)00211-X},
	Journal = {Computer Methods in Applied Mechanics and Engineering},
	Number = {1-2},
	Pages = {51--66},
	Publisher = {Elsevier},
	Title = {{Formulation of a three-dimensional cohesive zone model for application to a finite element algorithm}},
	Volume = {183},
	Year = {2000},
	Bdsk-Url-1 = {http://dx.doi.org/10.1016/S0045-7825(99)00211-X}}

@article{johnson2003conversion,
	Author = {Johnson, G.R. and Stryk, R.A.},
	Date-Added = {2009-07-23 14:10:10 -0600},
	Date-Modified = {2009-07-23 14:10:10 -0600},
	Journal = {International Journal of Impact Engineering},
	Number = {9},
	Pages = {947--966},
	Publisher = {Elsevier},
	Title = {{Conversion of 3D distorted elements into meshless particles during dynamic deformation}},
	Volume = {28},
	Year = {2003}}

@article{chen1996reproducing,
	Author = {Chen, J.S. and Pan, C. and Wu, C.T. and Liu, W.K.},
	Date-Added = {2009-07-23 14:04:41 -0600},
	Date-Modified = {2009-07-23 14:04:41 -0600},
	Journal = {Computer Methods in Applied Mechanics and Engineering},
	Number = {1-4},
	Pages = {195--227},
	Publisher = {Elsevier},
	Title = {{Reproducing kernel particle methods for large deformation analysis of non-linear structures}},
	Volume = {139},
	Year = {1996}}

@article{liu1995reproducing,
	Author = {Liu, W.K. and Jun, S. and Zhang, Y.F.},
	Date-Added = {2009-07-23 14:03:56 -0600},
	Date-Modified = {2012-08-09 19:58:09 +0000},
	Doi = {10.1002/fld.1650200824},
	Journal = {International Journal for Numerical Methods in Fluids},
	Publisher = {John Wiley \& Sons, Ltd Sussex},
	Title = {{Reproducing kernel particle methods}},
	Volume = {20},
	Year = {1995},
	Bdsk-Url-1 = {http://dx.doi.org/10.1002/fld.1650200824}}

@article{belytschko1996dynamic,
	Author = {Belytschko, T. and Tabbara, M.},
	Date-Added = {2009-07-23 13:59:52 -0600},
	Date-Modified = {2009-07-23 13:59:52 -0600},
	Journal = {International Journal for Numerical Methods in Engineering},
	Number = {6},
	Publisher = {John Wiley \& Sons, Ltd New York},
	Title = {{Dynamic fracture using element-free Galerkin methods}},
	Volume = {39},
	Year = {1996}}

@article{belytschko1995element,
	Author = {Belytschko, T. and Lu, Y.Y. and Gu, L. and Tabbara, M.},
	Date-Added = {2009-07-23 13:59:00 -0600},
	Date-Modified = {2009-08-06 15:31:54 -0600},
	Journal = {International Journal of Solids and Structures},
	Number = {17-18},
	Pages = {2547--2570},
	Publisher = {Elsevier Science},
	Title = {{Element-free Galerkin methods for static and dynamic fracture}},
	Volume = {32},
	Year = {1995}}

@article{lu1994new,
	Author = {Lu, Y.Y. and Belytschko, T. and Gu, L.},
	Date-Added = {2009-07-23 13:58:35 -0600},
	Date-Modified = {2009-08-06 15:55:51 -0600},
	Journal = {Computer Methods in Applied Mechanics and Engineering},
	Number = {3-4},
	Pages = {397--414},
	Publisher = {Elsevier},
	Title = {{A new implementation of the element free Galerkin method}},
	Volume = {113},
	Year = {1994}}

@article{belytschko1994element,
	Author = {Belytschko, T. and Lu, Y.Y. and Gu, L. and others},
	Date-Added = {2009-07-23 13:57:34 -0600},
	Date-Modified = {2009-08-06 15:32:10 -0600},
	Journal = {International Journal for Numerical Methods in Engineering},
	Number = {2},
	Pages = {229--256},
	Publisher = {John Wiley \& Sons, Ltd New York},
	Title = {{Element-free Galerkin methods}},
	Volume = {37},
	Year = {1994}}

@article{jiang2007deh,
	Author = {Jiang, F. and Vecchio, K.S.},
	Date-Added = {2009-06-29 16:30:21 -0600},
	Date-Modified = {2009-06-29 16:30:21 -0600},
	Journal = {Metallurgical and Materials Transactions A},
	Number = {12},
	Pages = {2896--2906},
	Publisher = {Springer},
	Title = {{Dynamic effects in Hopkinson bar four-point bend fracture}},
	Volume = {38},
	Year = {2007}}

@article{gao1998nsc,
	Author = {Gao, H. and Klein, P.},
	Date-Added = {2009-04-27 10:13:02 -0600},
	Date-Modified = {2009-04-27 10:13:02 -0600},
	Journal = {Journal of the Mechanics and Physics of Solids},
	Number = {2},
	Pages = {187--218},
	Publisher = {Elsevier},
	Title = {{Numerical simulation of crack growth in an isotropic solid with randomized internal cohesive bonds}},
	Volume = {46},
	Year = {1998}}

@conference{monaghan1987is,
	Author = {Monaghan, J.J.},
	Booktitle = {Particle Methods in Fluid Dynamics and Plasma Physics, proceedings from the workshop held April 13-15, 1987, in Los Almos, USA. Published 1987, p. 89},
	Date-Added = {2009-04-27 10:10:10 -0600},
	Date-Modified = {2009-08-06 15:56:10 -0600},
	Title = {{An introduction to SPH}},
	Year = {1987}}

@article{delaplace2006pts,
	Author = {Delaplace, A. and Ibrahimbegovic, A.},
	Date-Added = {2009-04-27 10:10:10 -0600},
	Date-Modified = {2009-04-27 10:10:10 -0600},
	Journal = {International Journal for Numerical Methods in Engineering},
	Number = {9},
	Publisher = {John Wiley \& Sons, Ltd. Chichester, UK},
	Title = {{Performance of time-stepping schemes for discrete models in fracture dynamic analysis}},
	Volume = {65},
	Year = {2006}}

@book{hoover2006spa,
	Author = {Hoover, W.G. and Hoover, C.G. and Kum, O. and Castillo, V.M. and Posch, H.A. and Hess, S.},
	Date-Added = {2009-04-27 10:10:10 -0600},
	Date-Modified = {2009-08-06 15:39:02 -0600},
	Publisher = {World Scientific},
	Title = {{Smooth particle applied mechanics}},
	Year = {2006}}

@article{rabczuk2004spm,
	Author = {Rabczuk, T. and Belytschko, T. and Xiao, S.P.},
	Date-Added = {2009-04-27 10:10:10 -0600},
	Date-Modified = {2009-08-06 15:56:36 -0600},
	Journal = {Computer Methods in Applied Mechanics and Engineering},
	Number = {12-14},
	Pages = {1035--1063},
	Publisher = {Elsevier},
	Title = {{Stable particle methods based on Lagrangian kernels}},
	Volume = {193},
	Year = {2004}}

@book{fN1991fm,
	Author = {Anderson, T.L.},
	Date-Added = {2009-03-12 13:12:53 -0600},
	Date-Modified = {2009-03-12 13:12:53 -0600},
	Publisher = {CRC Press Boca Raton},
	Title = {{Fracture mechanics}},
	Year = {1991}}

@article{bohme1982bnb,
	Author = {B{\"o}hme, W. and Kalthoff, J.F.},
	Date-Added = {2009-03-12 13:12:53 -0600},
	Date-Modified = {2009-08-06 15:31:40 -0600},
	Journal = {International Journal of Fracture},
	Number = {4},
	Pages = {139--143},
	Publisher = {Springer},
	Title = {{The behavior of notched bend specimens in impact testing}},
	Volume = {20},
	Year = {1982}}

@article{bui1992nae,
	Author = {Bui, H.D. and Maigre, H. and Rittel, D.},
	Date-Added = {2009-03-12 13:12:53 -0600},
	Date-Modified = {2009-08-06 15:35:21 -0600},
	Journal = {International Journal of Solids and Structures},
	Number = {23},
	Pages = {2881--2895},
	Title = {{A new approach to the experimental determination of the dynamic stress intensity factor}},
	Volume = {29},
	Year = {1992}}

@article{chen2002dct,
	Author = {Chen, W. and Lu, F. and Frew, D.J. and Forrestal, M.J.},
	Date-Added = {2009-03-12 13:12:53 -0600},
	Date-Modified = {2009-08-06 15:35:46 -0600},
	Journal = {Journal of Applied Mechanics},
	Number = {3},
	Pages = {214--223},
	Publisher = {American Society of Mechanical Engineers},
	Title = {{Dynamic compression testing of soft materials}},
	Volume = {69},
	Year = {2002}}

@article{chen2003dss,
	Author = {Chen, W. and Song, B. and Frew, D.J. and Forrestal, M.J.},
	Date-Added = {2009-03-12 13:12:53 -0600},
	Date-Modified = {2009-03-12 13:12:53 -0600},
	Journal = {Experimental Mechanics},
	Number = {1},
	Pages = {20--23},
	Publisher = {Springer},
	Title = {{Dynamic small strain measurements of a metal specimen with a split Hopkinson pressure bar}},
	Volume = {43},
	Year = {2003}}

@article{costin1977fim,
	Author = {Costin, L.S. and Duffy, J. and Freund, L.B.},
	Date-Added = {2009-03-12 13:12:53 -0600},
	Date-Modified = {2009-08-06 15:36:04 -0600},
	Journal = {ASTM special technical publication},
	Number = {627},
	Pages = {301--318},
	Publisher = {American Society for Testing and Materials},
	Title = {{Fracture initiation in metals under stress wave loading conditions}},
	Year = {1977}}

@misc{e399,
	Address = {West Conshohocken, PA},
	Author = {ASTM International},
	Date-Added = {2009-03-12 13:12:53 -0600},
	Date-Modified = {2009-08-03 00:11:40 -0600},
	Title = {Standard Test Method for Linear-Elastic Plane-Strain Fracture Toughness {$K_{Ic}$} of Metallic Materials},
	Volume = {E 399-06},
	Year = {2006}}

@article{jiang2004edf,
	Author = {Jiang, F. and Ruitang, L. and Xiaoxin, Z. and Vecchio, K.S. and Rohatgi, A.},
	Date-Added = {2009-03-12 13:12:53 -0600},
	Date-Modified = {2009-07-22 22:10:58 -0600},
	Journal = {Engineering Fracture Mechanics},
	Number = {3},
	Pages = {279--287},
	Publisher = {Elsevier},
	Title = {{Evaluation of dynamic fracture toughness KId by Hopkinson pressure bar loaded instrumented Charpy impact test}},
	Volume = {71},
	Year = {2004}}

@article{freund1973cpe,
	Author = {Freund, L.B.},
	Date-Added = {2009-03-12 13:12:53 -0600},
	Date-Modified = {2009-08-06 15:36:55 -0600},
	Journal = {Journal of the Mechanics and Physics of Solids},
	Pages = {47--61},
	Title = {{Crack propagation in an elastic solid subjected to general loading. III- Stress wave loading}},
	Volume = {21},
	Year = {1973}}

@book{freund1998dfm,
	Author = {Freund, L.B.},
	Date-Added = {2009-03-12 13:12:53 -0600},
	Date-Modified = {2009-08-06 15:37:02 -0600},
	Publisher = {Cambridge University Press},
	Title = {{Dynamic Fracture Mechanics}},
	Year = {1998}}

@article{frew2002pst,
	Author = {Frew, D.J. and Forrestal, M.J. and Chen, W.},
	Date-Added = {2009-03-12 13:12:53 -0600},
	Date-Modified = {2010-05-07 15:00:21 -0600},
	Journal = {Experimental Mechanics},
	Number = {1},
	Pages = {93--106},
	Publisher = {Springer},
	Title = {{Pulse shaping techniques for testing brittle materials with a split Hopkinson pressure bar}},
	Volume = {42},
	Year = {2002}}

@article{frew2005pst,
	Author = {Frew, D.J. and Forrestal, M.J. and Chen, W.},
	Date-Added = {2009-03-12 13:12:53 -0600},
	Date-Modified = {2009-03-12 13:12:53 -0600},
	Journal = {Experimental Mechanics},
	Number = {2},
	Pages = {186--195},
	Publisher = {Springer},
	Title = {{Pulse shaping techniques for testing elastic-plastic materials with a split Hopkinson pressure bar}},
	Volume = {45},
	Year = {2005}}

@book{graff1991wme,
	Author = {Graff, K.F.},
	Date-Added = {2009-03-12 13:12:53 -0600},
	Date-Modified = {2009-03-12 13:12:53 -0600},
	Publisher = {Dover Publications},
	Title = {Wave Motion in Elastic Solids},
	Year = {1991}}

@book{grandt2003fsi,
	Author = {Grandt, A.F.},
	Date-Added = {2009-03-12 13:12:53 -0600},
	Date-Modified = {2009-03-12 13:12:53 -0600},
	Publisher = {Wiley-Interscience},
	Title = {{Fundamentals of Structural Integrity: Damage Tolerant Design and Nondestructive Evaluation}},
	Year = {2003}}

@article{griffith1921pra,
	Author = {Griffith, A.A.},
	Date-Added = {2009-03-12 13:12:53 -0600},
	Date-Modified = {2009-08-06 15:37:53 -0600},
	Journal = {Philosophical Transactions of the Royal Society of London. Series A, Containing Papers of a Mathematical or Physical Character},
	Pages = {163--198},
	Publisher = {JSTOR},
	Title = {{The Phenomena of Rupture and Flow in Solids}},
	Volume = {221},
	Year = {1921}}

@article{guo1997aae,
	Author = {Guo, W.G. and Li, Y.L. and Liu, Y.Y.},
	Date-Added = {2009-03-12 13:12:53 -0600},
	Date-Modified = {2009-08-06 15:38:04 -0600},
	Journal = {Theoretical and Applied Fracture Mechanics},
	Number = {1},
	Pages = {29--34},
	Publisher = {Elsevier Science},
	Title = {{Analytical and experimental determination of dynamic impact stress intensity factor for 40 Cr steel}},
	Volume = {26},
	Year = {1997}}

@article{hopkinson1914mmp,
	Author = {Hopkinson, B.},
	Date-Added = {2009-03-12 13:12:53 -0600},
	Date-Modified = {2009-03-12 13:12:53 -0600},
	Journal = {Philosophical Transactions of the Royal Society of London. Series A, Containing Papers of a Mathematical or Physical Character},
	Pages = {437--456},
	Publisher = {JSTOR},
	Title = {{A Method of Measuring the Pressure Produced in the Detonation of High Explosives or by the Impact of Bullets}},
	Volume = {213},
	Year = {1914}}

@article{irwin1952faf,
	Author = {Irwin, G.R. and Kies, J.A.},
	Date-Added = {2009-03-12 13:12:53 -0600},
	Date-Modified = {2009-08-06 15:39:22 -0600},
	Journal = {Welding J},
	Title = {{Fracturing and fracture dynamics}},
	Volume = {31},
	Year = {1952}}

@article{irwin1983sfm,
	Author = {Irwin, G.R. and Wit, D.E.},
	Date-Added = {2009-03-12 13:12:53 -0600},
	Date-Modified = {2009-08-06 15:39:31 -0600},
	Journal = {Journal of Testing and Evaluation},
	Pages = {56--65},
	Title = {{A summary of fracture mechanics concepts}},
	Volume = {11},
	Year = {1983}}

@article{jiang2004adr,
	Author = {Jiang, F. and Rohatgi, A. and Vecchio, K.S. and Cheney, J.L.},
	Date-Added = {2009-03-12 13:12:53 -0600},
	Date-Modified = {2009-03-12 13:12:53 -0600},
	Journal = {International Journal of Fracture},
	Number = {2},
	Pages = {147--165},
	Publisher = {Springer},
	Title = {{Analysis of the dynamic responses for a pre-cracked three-point bend specimen}},
	Volume = {127},
	Year = {2004}}

@article{jiang2004ams,
	Author = {Jiang, F. and Vecchio, K.S. and Rohatgi, A.},
	Date-Added = {2009-03-12 13:12:53 -0600},
	Date-Modified = {2009-03-12 13:12:53 -0600},
	Journal = {International Journal of Fracture},
	Number = {2},
	Pages = {143--164},
	Publisher = {Springer},
	Title = {{Analysis of modified split Hopkinson pressure bar dynamic fracture test using an inertia model}},
	Volume = {126},
	Year = {2004}}

@article{jiang2005rdi,
	Author = {Jiang, F. and Rohatgi, A. and Vecchio, K.S. and Cheney, J.L.},
	Date-Added = {2009-03-12 13:12:53 -0600},
	Date-Modified = {2009-03-12 13:12:53 -0600},
	Journal = {International Journal of Fracture},
	Number = {3},
	Pages = {301--307},
	Publisher = {Springer},
	Title = {{Response to the discussion by IV Rokach of the paper entitled:``Analysis of the dynamic responses for a pre-cracked three-point bend specimen''}},
	Volume = {131},
	Year = {2005}}

@article{jiang2007eid,
	Author = {Jiang, F. and Vecchio, K.S.},
	Date-Added = {2009-03-12 13:12:53 -0600},
	Date-Modified = {2009-03-12 13:12:53 -0600},
	Journal = {Review of Scientific Instruments},
	Pages = {063903},
	Publisher = {AIP},
	Title = {{Experimental investigation of dynamic effects in a two-bar/three-point bend fracture test}},
	Volume = {78},
	Year = {2007}}

@inbook{klepaczko:dci,
	Address = {Vienna and New York},
	Date-Added = {2009-03-12 13:12:53 -0600},
	Date-Modified = {2010-05-17 13:19:24 -0600},
	Editor = {J. R. Klepaczko},
	Pages = {428--450},
	Publisher = {Springer-Verlag},
	Title = {{Dynamic Crack Initiation: Some Experimental Methods and Modeling, Crack Dynamics in Metallic Materials}},
	Year = {1990}}

@article{kolsky1949imp,
	Author = {Kolsky, H.},
	Date-Added = {2009-03-12 13:12:53 -0600},
	Date-Modified = {2009-03-12 13:12:53 -0600},
	Journal = {Proceedings of the Physical Society Section B},
	Number = {11},
	Pages = {676--700},
	Title = {{An Investigation of the Mechanical Properties of Materials at very High Rates of Loading}},
	Volume = {62},
	Year = {1949}}

@book{kolsky2003sws,
	Author = {Kolsky, H.},
	Date-Added = {2009-03-12 13:12:53 -0600},
	Date-Modified = {2009-03-12 13:12:53 -0600},
	Publisher = {Dover Publications},
	Title = {{Stress Waves in Solids}},
	Year = {2003}}

@book{lamport,
	Author = {Lamport, L.},
	Date-Added = {2009-03-12 13:12:53 -0600},
	Date-Modified = {2009-03-12 13:12:53 -0600},
	Publisher = {Addison-Wesley Longman Publishing Co., Inc. Boston, MA, USA},
	Title = {{\LaTeX: A Document Preparation System: User's Guide and Reference Manual}},
	Year = {1994}}

@article{liu1998lra,
	Author = {Liu, C. and Knauss, WG and Rosakis, A.J.},
	Date-Added = {2009-03-12 13:12:53 -0600},
	Date-Modified = {2009-08-06 15:55:40 -0600},
	Journal = {International Journal of Fracture},
	Number = {1},
	Pages = {103--118},
	Publisher = {Springer},
	Title = {{Loading Rates and the Dynamic Initiation Toughness in Brittle Solids}},
	Volume = {90},
	Year = {1998}}

@article{owen1998edd,
	Author = {Owen, D.M. and Zhuang, S. and Rosakis, A.J. and Ravichandran, G.},
	Date-Added = {2009-03-12 13:12:53 -0600},
	Date-Modified = {2009-08-06 15:56:24 -0600},
	Journal = {International Journal of Fracture},
	Number = {1},
	Pages = {153--174},
	Publisher = {Springer},
	Title = {{Experimental Determination of Dynamic Crack Initiation and Propagation Fracture Toughness in Thin Aluminum Sheets}},
	Volume = {90},
	Year = {1998}}

@article{popelar2000emd,
	Author = {Popelar, C.H. and Anderson, C.E. and Nagy, A.},
	Date-Added = {2009-03-12 13:12:53 -0600},
	Date-Modified = {2009-03-12 13:12:53 -0600},
	Journal = {Experimental Mechanics},
	Number = {4},
	Pages = {401--407},
	Publisher = {Springer},
	Title = {{An experimental method for determining dynamic fracture toughness}},
	Volume = {40},
	Year = {2000}}

@article{qiu2002mdf,
	Author = {Qiu, H. and Enoki, M. and Kawaguchi, Y. and Kishi, T.},
	Date-Added = {2009-03-12 13:12:53 -0600},
	Date-Modified = {2009-03-12 13:12:53 -0600},
	Journal = {Engineering Fracture Mechanics},
	Number = {5},
	Pages = {589--598},
	Publisher = {Elsevier},
	Title = {{A model for the dynamic fracture toughness of ductile structural steel}},
	Volume = {70},
	Year = {2002}}

@article{ravichandar1982,
	Author = {Ravi-Chandar, K. and Knauss, W.G.},
	Date-Added = {2009-03-12 13:12:53 -0600},
	Date-Modified = {2009-08-06 15:56:45 -0600},
	Journal = {International Journal of Fracture},
	Pages = {209--222},
	Publisher = {Springer},
	Title = {{Dynamic Crack Tip Stresses Under Stress Wave Loading-A Comparison of Theory and Experiment}},
	Volume = {20},
	Year = {1982}}

@article{ravichandar1998dfn,
	Author = {Ravi-Chandar, K.},
	Date-Added = {2009-03-12 13:12:53 -0600},
	Date-Modified = {2009-03-12 13:12:53 -0600},
	Journal = {International Journal of Fracture},
	Number = {1},
	Pages = {83--102},
	Publisher = {Springer},
	Title = {{Dynamic Fracture of Nominally Brittle Materials}},
	Volume = {90},
	Year = {1998}}

@book{ravichandar2004df,
	Author = {Ravi-Chandar, K.},
	Date-Added = {2009-03-12 13:12:53 -0600},
	Date-Modified = {2009-03-12 13:12:53 -0600},
	Publisher = {Elsevier Science},
	Title = {{Dynamic Fracture}},
	Year = {2004}}

@article{rice1968psd,
	Author = {Rice, J.R. and Rosengren, G.F.},
	Date-Added = {2009-03-12 13:12:53 -0600},
	Date-Modified = {2009-08-06 15:57:03 -0600},
	Journal = {J MECH PHYS SOLIDS},
	Number = {1},
	Pages = {1--12},
	Title = {{Plane Strain Deformation Near a Crack Tip in a Power Law Hardening Material}},
	Volume = {16},
	Year = {1968}}

@article{rittel1992nmd,
	Author = {Rittel, D. and Maigre, H. and Bui, H.D.},
	Date-Added = {2009-03-12 13:12:53 -0600},
	Date-Modified = {2009-08-06 15:57:13 -0600},
	Journal = {Scripta Metallurgica et Materialia(USA)},
	Number = {10},
	Pages = {1593--1598},
	Title = {{A New Method for Dynamic Fracture Toughness Testing}},
	Volume = {26},
	Year = {1992}}

@article{rittel1996idc,
	Author = {Rittel, D. and Maigre, H.},
	Date-Added = {2009-03-12 13:12:53 -0600},
	Date-Modified = {2009-03-12 13:12:53 -0600},
	Journal = {Mechanics of Materials},
	Number = {3},
	Pages = {229--239},
	Publisher = {Elsevier},
	Title = {{An investigation of dynamic crack initiation in PMMA}},
	Volume = {23},
	Year = {1996}}

@article{rohatgi2005dpa,
	Author = {Rohatgi, A. and Vecchio, K.S. and Cheney, J.L.},
	Date-Added = {2009-03-12 13:12:53 -0600},
	Date-Modified = {2009-03-12 13:12:53 -0600},
	Journal = {International Journal of Fracture},
	Pages = {297--299},
	Title = {{Discussion on the paper ``Analysis of the dynamic responses for a pre-cracked three-point bend specimen'' by Fengchun Jiang}},
	Volume = {131},
	Year = {2005}}

@article{rokach2005dop,
	Author = {Rokach, I.V.},
	Date-Added = {2009-03-12 13:12:53 -0600},
	Date-Modified = {2009-08-06 15:57:29 -0600},
	Journal = {Engineering Fracture Mechanics},
	Pages = {1107-1111},
	Publisher = {Elsevier},
	Title = {{Discussion on the paper ``Evaluation of dynamic fracure toughness $K_{Id}$ by Hopkinson pressure bar loaded instrumented Chapry impact test'' by Jiang Fengchun, Liu Ruitang, Zhang Xiaoxin, Kenneth S. Vecchio and Aashish Rohatgi, Engineering Fracture Mechanics, 71 (2004) pp. 279-287}},
	Volume = {72},
	Year = {2005}}

@article{rosakis1984ddf,
	Author = {Rosakis, A.J. and Duffy, J. and Freund, L.B.},
	Date-Added = {2009-03-12 13:12:53 -0600},
	Date-Modified = {2010-07-20 10:23:14 -0600},
	Journal = {J. Mech. Phys. Solids},
	Number = {6},
	Pages = {443--460},
	Title = {{The determination of dynamic fracture toughness of AISI 4340 steel by the Shadow Spot Method}},
	Volume = {32},
	Year = {1984}}

@article{shih1981rbj,
	Author = {Shih, C.F.},
	Date-Added = {2009-03-12 13:12:53 -0600},
	Date-Modified = {2009-08-06 15:54:57 -0600},
	Journal = {Journal of the Mechanics and Physics of Solids},
	Number = {4},
	Pages = {305--326},
	Title = {{Relationships Between the J-Integral and the Crack Opening Displacement for Stationary and Extending Cracks}},
	Volume = {29},
	Year = {1981}}

@article{srawley1976wrs,
	Author = {Srawley, J.E.},
	Date-Added = {2009-03-12 13:12:53 -0600},
	Date-Modified = {2009-03-12 13:12:53 -0600},
	Journal = {International Journal of Fracture},
	Number = {3},
	Pages = {475--476},
	Publisher = {Springer},
	Title = {{Wide range stress intensity factor expressions for ASTM E 399 standard fracture toughness specimens}},
	Volume = {12},
	Year = {1976}}

@article{tada2000sac,
	Author = {Tada, H. and Paris, P.C. and Irwin, G.R.},
	Date-Added = {2009-03-12 13:12:53 -0600},
	Date-Modified = {2009-08-06 15:59:08 -0600},
	Journal = {American Society of Mechanical Engineers, 3 Park Avenue, New York, NY 10016-5990, USA, 2000. 677},
	Title = {{The Stress Analysis of Cracks Handbook}},
	Year = {2000}}

@article{vecchio2007ips,
	Author = {Vecchio, K.S. and Jiang, F.},
	Date-Added = {2009-03-12 13:12:53 -0600},
	Date-Modified = {2009-03-12 13:12:53 -0600},
	Journal = {Metallurgical and Materials Transactions A},
	Number = {11},
	Pages = {2655--2665},
	Publisher = {Springer},
	Title = {{Improved Pulse Shaping to Achieve Constant Strain Rate and Stress Equilibrium in Split-Hopkinson Pressure Bar Testing}},
	Volume = {38},
	Year = {2007}}

@article{weerasooriya2006fpb,
	Author = {Weerasooriya, T. and Moy, P. and Casem, D. and Cheng, M. and Chen, W.},
	Date-Added = {2009-03-12 13:12:53 -0600},
	Date-Modified = {2009-03-12 13:12:53 -0600},
	Journal = {Journal of the American Ceramic Society},
	Number = {3},
	Pages = {990--995},
	Publisher = {Blackwell Synergy},
	Title = {{Four-point Bend Technique To Determine Dynamic Fracture Toughness Of Ceramics}},
	Volume = {89},
	Year = {2006}}

@article{weisbrod2000mdf,
	Author = {Weisbrod, G. and Rittel, D.},
	Date-Added = {2009-03-12 13:12:53 -0600},
	Date-Modified = {2009-03-12 13:12:53 -0600},
	Journal = {International Journal of Fracture},
	Number = {1},
	Pages = {89--103},
	Publisher = {Springer},
	Title = {{A method for dynamic fracture toughness determination using short beams}},
	Volume = {104},
	Year = {2000}}

@article{yokoyama1989nit,
	Author = {Yokoyama, T. and Kishida, K.},
	Date-Added = {2009-03-12 13:12:53 -0600},
	Date-Modified = {2009-03-12 13:12:53 -0600},
	Journal = {Experimental Mechanics},
	Number = {2},
	Pages = {188--194},
	Publisher = {Springer},
	Title = {{A novel impact three-point bend test method for determining dynamic fracture-initiation toughness}},
	Volume = {29},
	Year = {1989}}

@article{yokoyama1993ddf,
	Author = {Yokoyama, T.},
	Date-Added = {2009-03-12 13:12:53 -0600},
	Date-Modified = {2009-03-12 13:12:53 -0600},
	Journal = {Journal of pressure vessel technology},
	Number = {4},
	Pages = {389--397},
	Publisher = {American Society of Mechanical Engineers},
	Title = {{Determination of dynamic fracture-initiation toughness using a novel impact bend test procedure}},
	Volume = {115},
	Year = {1993}}

@conference{askari2008pmm,
	Author = {Askari, E. and Bobaru, F. and Lehoucq, R.B. and Parks, M.L. and Silling, S.A. and Weckner, O.},
	Booktitle = {Journal of Physics: Conference Series},
	Date-Added = {2008-11-05 15:17:48 -0700},
	Date-Modified = {2009-08-06 15:35:05 -0600},
	Number = {1},
	Organization = {Institute of Physics Publishing},
	Pages = {012078},
	Title = {{Peridynamics for multiscale materials modeling}},
	Volume = {125},
	Year = {2008}}

@article{silling:cpe,
	Author = {Silling, S.A. and Lehoucq, R.B.},
	Date-Added = {2008-11-05 14:59:23 -0700},
	Date-Modified = {2013-02-22 20:21:49 +0000},
	Doi = {10.1007\%2Fs10659-008-9163-3},
	Journal = {Journal of Elasticity},
	Number = {93},
	Pages = {13-37},
	Publisher = {Springer Science},
	Title = {Convergence of Peridynamics to Classical Elasticity Theory},
	Volume = {2008},
	Year = {2008},
	Bdsk-Url-1 = {http://dx.doi.org/10.1007%5C%252Fs10659-008-9163-3}}

@article{silling:psa,
	Author = {Silling, S.A. and Epton, M. and Weckner, O. and Xu, J. and Askari, E.},
	Date-Added = {2008-10-27 15:33:38 -0600},
	Date-Modified = {2012-01-10 18:04:14 +0000},
	Doi = {10.1007/s10659-007-9125-1},
	Journal = {J Elasticity},
	Pages = {151--184},
	Title = {Peridynamic States and Constitutive Modeling},
	Volume = {88},
	Year = {2007},
	Bdsk-Url-1 = {http://dx.doi.org/10.1007/s10659-007-9125-1}}

@conference{andersonjr2006tai,
	Author = {Anderson Jr, C.E. and Nicholls, A.E. and Chocron, I.S. and Ryckman, R.A.},
	Booktitle = {AIP Conference Proceedings},
	Date-Added = {2008-10-03 09:46:46 -0600},
	Date-Modified = {2009-08-06 15:34:49 -0600},
	Organization = {AIP},
	Pages = {1367},
	Rating = {1},
	Read = {No},
	Title = {Taylor Anvil Impact},
	Volume = {845},
	Year = {2006}}

@conference{song1,
	Address = {Honolulu, HI},
	Author = {Song, B. and Chen, W.W. and Frew, D.J.},
	Booktitle = {Proceedings of the JSME/ASME International Conference on Materials and Processing},
	Date-Added = {2008-10-03 09:26:45 -0600},
	Date-Modified = {2009-08-06 15:58:53 -0600},
	Month = {October},
	Organization = {ASME},
	Title = {{Split-Hopkinson bar testing of an aluminum with pulse shaping}},
	Year = {2002}}

@article{green1977niu,
	Author = {Green, A.E. and Naghdi, P.M.},
	Date-Added = {2008-09-26 23:37:36 -0600},
	Date-Modified = {2009-08-06 15:37:42 -0600},
	Journal = {Journal of Elasticity},
	Number = {1},
	Pages = {1-8},
	Publisher = {DTIC Research Report ADA041647},
	Title = {A Note on Invariance under Superposed Rigid Body Motions},
	Volume = {9},
	Year = {1977}}

@article{johnson83,
	Author = {G.C. Johnson and D.J. Bammann},
	Date-Added = {2008-09-26 23:33:46 -0600},
	Date-Modified = {2009-08-06 15:40:17 -0600},
	Journal = {International Journal of Solids and Structures},
	Number = {8},
	Pages = {725-737},
	Title = {A Discussion of Stress Rates in Finite Deformation Problems},
	Volume = {20},
	Year = {1983}}

@techreport{silling91,
	Author = {Silling, S.A.},
	Date-Added = {2008-09-25 14:20:57 -0600},
	Date-Modified = {2009-08-06 15:58:10 -0600},
	Institution = {Sandia National Laboratories},
	Number = {SAND91-0141},
	Title = {Stability and Accuracy of Differencing Schemes for Viscoplastic Model in Wavecodes},
	Type = {SAND Report},
	Year = {1991}}

@article{camacho1997alm,
	Author = {Camacho, G.T. and Ortiz, M.},
	Date-Added = {2008-09-25 10:52:14 -0600},
	Date-Modified = {2009-08-06 15:35:30 -0600},
	Journal = {Computer Methods in Applied Mechanics and Engineering},
	Number = {3-4},
	Pages = {269--301},
	Publisher = {Elsevier},
	Title = {{Adaptive Lagrangian modelling of ballistic penetration of metallic targets}},
	Volume = {142},
	Year = {1997}}

@article{flanagan1987ana,
	Author = {Flanagan, D.P. and Taylor, L.M.},
	Date-Added = {2008-07-28 12:58:27 -0600},
	Date-Modified = {2009-08-06 15:36:18 -0600},
	Journal = {Computer Methods in Applied Mechanics and Engineering},
	Number = {3},
	Pages = {305--320},
	Publisher = {Elsevier Sequoia SA Lausanne, Switzerland, Switzerland},
	Title = {An accurate numerical algorithm for stress integration with finite rotations},
	Volume = {62},
	Year = {1987}}

@book{hill1998mtp,
	Author = {Hill, R.},
	Date-Added = {2008-07-28 09:56:34 -0600},
	Date-Modified = {2008-11-12 22:06:41 -0700},
	Publisher = {Oxford University Press},
	Title = {{The Mathematical Theory of Plasticity}},
	Year = {1998}}

@book{malvern1969imc,
	Author = {Malvern, L.E.},
	Date-Added = {2008-07-28 09:56:08 -0600},
	Date-Modified = {2009-08-06 15:56:00 -0600},
	Publisher = {Englewood Cliffs, NJ},
	Title = {{Introduction to the Mechanics of a Continuous Medium}},
	Year = {1969}}

@article{silling2003dpb,
	Author = {Silling, S.A. and Zimmermann, M. and Abeyaratne, R.},
	Date-Added = {2008-04-29 07:00:40 -0600},
	Date-Modified = {2012-01-10 18:03:44 +0000},
	Doi = {10.1023/B:ELAS.0000029931.03844.4f},
	Journal = {Journal of Elasticity},
	Number = {1},
	Pages = {173--190},
	Publisher = {Springer},
	Title = {Deformation of a Peridynamic Bar},
	Volume = {73},
	Year = {2003},
	Bdsk-Url-1 = {http://dx.doi.org/10.1023/B:ELAS.0000029931.03844.4f}}

@inproceedings{silling2003dfm,
	Address = {Amsterdam},
	Author = {Silling, S.A.},
	Booktitle = {Computational Fluid and Solid Mechanics},
	Date-Added = {2008-04-29 07:00:00 -0600},
	Date-Modified = {2009-08-06 15:58:25 -0600},
	Editor = {Bathe, KJ},
	Pages = {641--644},
	Publisher = {Elsevier},
	Title = {Dynamic fracture modeling with a meshfree peridynamic code},
	Year = {2003}}

@article{silling2000ret,
	Author = {Silling, S.A.},
	Date-Added = {2008-04-29 06:58:54 -0600},
	Date-Modified = {2012-01-10 17:59:41 +0000},
	Doi = {10.1016/S0022-5096(99)00029-0},
	Journal = {Journal of the Mechanics and Physics of Solids},
	Number = {1},
	Pages = {175--209},
	Publisher = {Elsevier},
	Title = {Reformulation of elasticity theory for discontinuities and long-range forces},
	Volume = {48},
	Year = {2000},
	Bdsk-Url-1 = {http://dx.doi.org/10.1016/S0022-5096(99)00029-0}}

@article{martins2000automated,
	Author = {Martins, J.R.R.A. and Kroo, I.M. and Alonso, J.J.},
	Journal = {AIAA paper},
	Pages = {2000},
	Title = {An automated method for sensitivity analysis using complex variables},
	Volume = {689},
	Year = {2000}}

@article{martins2003complex,
	Author = {Martins, Joaquim RRA and Sturdza, Peter and Alonso, Juan J},
	Journal = {ACM Transactions on Mathematical Software (TOMS)},
	Number = {3},
	Pages = {245--262},
	Publisher = {ACM},
	Title = {The complex-step derivative approximation},
	Volume = {29},
	Year = {2003}}

@article{perez2000numerical,
	Author = {Perez-Foguet, A. and Rodriguez-Ferran, A. and Huerta, A.},
	Journal = {Computer Methods in Applied Mechanics and Engineering},
	Number = {1},
	Pages = {277--296},
	Publisher = {Elsevier},
	Title = {Numerical differentiation for local and global tangent operators in computational plasticity},
	Volume = {189},
	Year = {2000}}

@article{perez2012numerical,
	Author = {Perez-Foguet, A. and Rodriguez-Ferran, A. and Huerta, A. and others},
	Journal = {Int. J. Numer. Meth. Engng.},
	Pages = {159--184},
	Publisher = {Wiley and Sons},
	Title = {Numerical differentiation for non-trivial consistent tangent matrices: an application to the MRS-Lade model},
	Volume = {48},
	Year = {2000}}

@techreport{ref-sacado-presentation,
	Author = {Phipps, E. and Gay, D.M. and Bartlett, R.},
	Institution = {Sandia National Laboratories: Computer Science Research Institute},
	Month = {Nov},
	Note = {Presented at Trilinos User's Group Meeting 2009 in Albuquerue, New Mexico.},
	Number = {SAND2009-7540C},
	Title = {Sacado: Automatic Differentiation Tools for C++ Codes},
	Year = {2009}}

@techreport{ref-Sacado,
	Author = {Heroux, M.A. and Willenbring, J.M.},
	Institution = {Sandia National Laboratories},
	Number = {SAND2003-2952},
	Title = {Trilinos Users Guide},
	Year = {2003}}

@techreport{ref-Adaggio,
	Author = {SIERRA Solid Mechanics Team},
	Institution = {Sandia National Laboratories},
	Number = {SAND2010-6313},
	Title = {Adagio 4.18 User's Guide},
	Year = {2010}}

@techreport{ref-Cubit,
	Author = {CUBIT Development Team},
	Date-Modified = {2013-10-30 20:24:25 +0000},
	Institution = {Sandia National Laboratories},
	Title = {CUBIT 14.0 User Documentation},
	Year = {2013}}

@article{ref-LPS,
	Author = {Seleson, P. and Parks, M.L. and Gunzburger, M.},
	Journal = {Communications in Computational Physics},
	Number = {1},
	Pages = {179--205},
	Publisher = {Global Science Press},
	Title = {Peridynamic State-Based Models and the Embedded-Atom Model},
	Volume = {15},
	Year = {2014}}

@techreport{ref-AD-methods,
	Author = {Gay, D.M.},
	Institution = {Sandia National Laboratories: Optimization and Uncertainty Estimation Department},
	Number = {SAND2004-4688P},
	Title = {Semiautomatic Differentiation for Efficient Gradient Computations},
	Year = {2004}}

@techreport{ref-on-AD,
	Author = {Griewank,A.},
	Institution = {Rice University: Center for Research on Parallel Computation},
	Number = {CRPC-TR89003},
	Title = {On Automatic Differentiation},
	Year = {1989}}

@book{chapra2010,
	Author = {Chapra, S.C. and Canale, R.P.},
	Edition = {Sixth},
	Publisher = {McGraw-Hill, Inc., NY},
	Title = {{Numerical Methods for Engineers}},
	Year = {2010}}

@book{young2009,
	Author = {Young, T. and Mohlenkamp, M.},
	Publisher = {Ohio University Department of Mathematics, OH},
	Title = {{Introduction to Numerical Methods and Matlab Programming for Engineers}},
	Year = {2009}}

@article{silling2007per,
	Author = {Silling, Stewart A and Epton, M and Weckner, O and Xu, J and Askari, E},
	Journal = {Journal of Elasticity},
	Number = {2},
	Pages = {151--184},
	Publisher = {Springer},
	Title = {Peridynamic states and constitutive modeling},
	Volume = {88},
	Year = {2007}}

@article{anderson2001sensitivity,
	Author = {Anderson, W Kyle and Newman, James C and Whitfield, David L and Nielsen, Eric J},
	Journal = {AIAA journal},
	Number = {1},
	Pages = {56--63},
	Title = {Sensitivity analysis for Navier-Stokes equations on unstructured meshes using complex variables},
	Volume = {39},
	Year = {2001}}

@article{jin2010improved,
	Author = {Jin, Weiya and Dennis, Brian H and Wang, Bo Ping},
	Journal = {Structural and Multidisciplinary Optimization},
	Number = {3},
	Pages = {433--439},
	Publisher = {Springer},
	Title = {Improved sensitivity analysis using a complex variable semi-analytical method},
	Volume = {41},
	Year = {2010}}

@article{lai2008extensions,
	Author = {Lai, K-L and Crassidis, JL},
	Journal = {Journal of Computational and Applied Mathematics},
	Number = {1},
	Pages = {276--293},
	Publisher = {Elsevier},
	Title = {Extensions of the first and second complex-step derivative approximations},
	Volume = {219},
	Year = {2008}}

@article{abreu2013generalization,
	Author = {Abreu, Rafael and Stich, Daniel and Morales, Jos{\'e}},
	Journal = {Journal of Computational and Applied Mathematics},
	Pages = {84--102},
	Publisher = {Elsevier},
	Title = {On the generalization of the Complex Step Method},
	Volume = {241},
	Year = {2013}}

@article{newman1998,
	Author = {Newman, JC and Anderson, KW and Whitfield, DL},
	Title = {1998, Multi-disciplinary Sensitivity Derivatives Using Complex Variables, Computational Fluid Dynamics Laboratory, Mississippi State University, MS, MSSU-COE-ERC-98-08}}

@article{millwater2013application,
	Author = {Millwater, Harry R and Quintana, Carolina and Garza, Jose and Wagner, David},
	Title = {Application of the Complex Variable Finite Element Method, ZFEM, to Structural Mechanics Sensitivity Analysis},
	Year = {2013}}

@article{systemes2012abaqus,
	Author = {Syst{\`e}mes, Dassault},
	Journal = {ABAQUS Inc},
	Title = {Abaqus v6. 12 Documentation-ABAQUS analysis user's manual},
	Volume = {6},
	Year = {2012}}

@misc{intel_byte_copyable,
	Author = {Davis, Kevin},
	Month = sep,
	Title = {Effective use if the intel compilers offload features.},
	Url = {http://software.intel.com/en-us/articles/effective-use-of-the-intel-compilers-offload-features},
	Year = {2013},
	Bdsk-Url-1 = {http://software.intel.com/en-us/articles/effective-use-of-the-intel-compilers-offload-features}}

@article{seleson2014atom,
	Author = {Seleson, Pablo and Parks, Michael L and Gunzburger, Max},
	Journal = {Communications in Computational Physics},
	Number = {1},
	Pages = {179-205},
	Title = {Peridynamic State-Based Models and the Embedded-Atom Model},
	Volume = {15},
	Year = {2014}}

@article{bischof1995adifor,
	Author = {Bischof, Christian and Carle, Alan and Khademi, Peyvand and Mauer, Andrew and Hovland, Paul},
	Journal = {Mathematics and Computer Science Division Report ANL/MCS, Argonne National Laboratory, Argonne, Illinois},
	Publisher = {Citeseer},
	Title = {ADIFOR 2.0 user's guide},
	Year = {1995}}

@comment{BibDesk Smart Groups{
<?xml version="1.0" encoding="UTF-8"?>
<!DOCTYPE plist PUBLIC "-//Apple//DTD PLIST 1.0//EN" "http://www.apple.com/DTDs/PropertyList-1.0.dtd">
<plist version="1.0">
<array>
	<dict>
		<key>conditions</key>
		<array>
			<dict>
				<key>comparison</key>
				<integer>2</integer>
				<key>key</key>
				<string>Author</string>
				<key>value</key>
				<string>Belytschko</string>
				<key>version</key>
				<string>1</string>
			</dict>
		</array>
		<key>conjunction</key>
		<integer>0</integer>
		<key>group name</key>
		<string>Belytschko</string>
	</dict>
	<dict>
		<key>conditions</key>
		<array>
			<dict>
				<key>comparison</key>
				<integer>2</integer>
				<key>key</key>
				<string>Author</string>
				<key>value</key>
				<string>chen, w</string>
				<key>version</key>
				<string>1</string>
			</dict>
		</array>
		<key>conjunction</key>
		<integer>0</integer>
		<key>group name</key>
		<string>chen, w</string>
	</dict>
	<dict>
		<key>conditions</key>
		<array>
			<dict>
				<key>comparison</key>
				<integer>2</integer>
				<key>key</key>
				<string>Author</string>
				<key>value</key>
				<string>forrestal</string>
				<key>version</key>
				<string>1</string>
			</dict>
		</array>
		<key>conjunction</key>
		<integer>0</integer>
		<key>group name</key>
		<string>forrestal</string>
	</dict>
	<dict>
		<key>conditions</key>
		<array>
			<dict>
				<key>comparison</key>
				<integer>2</integer>
				<key>key</key>
				<string>Author</string>
				<key>value</key>
				<string>Foster</string>
				<key>version</key>
				<string>1</string>
			</dict>
		</array>
		<key>conjunction</key>
		<integer>0</integer>
		<key>group name</key>
		<string>Foster</string>
	</dict>
	<dict>
		<key>conditions</key>
		<array>
			<dict>
				<key>comparison</key>
				<integer>2</integer>
				<key>key</key>
				<string>Author</string>
				<key>value</key>
				<string>frew</string>
				<key>version</key>
				<string>1</string>
			</dict>
		</array>
		<key>conjunction</key>
		<integer>0</integer>
		<key>group name</key>
		<string>frew</string>
	</dict>
	<dict>
		<key>conditions</key>
		<array>
			<dict>
				<key>comparison</key>
				<integer>2</integer>
				<key>key</key>
				<string>Author</string>
				<key>value</key>
				<string>jiang</string>
				<key>version</key>
				<string>1</string>
			</dict>
		</array>
		<key>conjunction</key>
		<integer>0</integer>
		<key>group name</key>
		<string>jiang</string>
	</dict>
	<dict>
		<key>conditions</key>
		<array>
			<dict>
				<key>comparison</key>
				<integer>2</integer>
				<key>key</key>
				<string>Author</string>
				<key>value</key>
				<string>silling</string>
				<key>version</key>
				<string>1</string>
			</dict>
		</array>
		<key>conjunction</key>
		<integer>0</integer>
		<key>group name</key>
		<string>silling</string>
	</dict>
	<dict>
		<key>conditions</key>
		<array>
			<dict>
				<key>comparison</key>
				<integer>2</integer>
				<key>key</key>
				<string>Title</string>
				<key>value</key>
				<string>SPH</string>
				<key>version</key>
				<string>1</string>
			</dict>
		</array>
		<key>conjunction</key>
		<integer>0</integer>
		<key>group name</key>
		<string>SPH</string>
	</dict>
</array>
</plist>
}}
